2930 4693
882 202 980 267 DE
1022 201 1375 265 ORATORE
1414 202 1470 285 ΙΙ
1507 203 1609 265 52.
1652 210 1773 285 210.
1804 213 1921 265 211.
2382 211 2509 276 169

272 381 481 436 autem
510 373 713 435 dolent
741 372 1028 444 evolasse;
1060 373 1164 434 sed
1188 375 1369 434 etiam
1386 372 1795 453 'superioribus
1814 374 2109 437 invidetur
2126 394 2301 456 saepe
2315 376 2505 440 -vehe-

276 466 515 521 menter
556 465 616 519 et
654 477 725 520 eo
769 459 975 536 magis,
1023 458 1074 519 si
1113 457 1522 519 intolerantius
1565 478 1630 520 se
1668 462 1890 521 iactant
1929 467 1989 520 et
2029 460 2502 541 aequabilitatem

277 545 615 605 communis
644 545 791 604 iuris
818 544 1177 623 praestantia
1207 543 1508 621 dignitatis
1537 551 1637 604 ant
1677 545 1950 606 fortunae
1990 563 2132 606 suae
2172 553 2503 609 transeunt.

280 628 446 700 Quae
474 629 525 688 si
553 627 971 689 inflammanda
1001 635 1155 697 sunt,
1198 630 1451 689 maxime
1492 628 1810 690 dicendum
1841 635 1936 690 est·
1965 647 2088 691 non
2119 648 2247 690 esse
2288 632 2504 693 virtute

278 720 468 792 parta,
502 712 715 774 deinde
745 714 921 774 etiam
952 713 1105 773 vitiis
1135 720 1309 792 atque
1349 714 1626 792 peccatiS,
1658 720 1801 784 tum,
1844 714 1896 774 si
1943 721 2119 775 erunt
2159 714 2503 777 honestiora

281 804 463 876 atque
494 799 782 875 graviora,
818 805 1014 858 tamen
1043 815 1164 859 non
1194 815 1324 858 esse
1352 798 1502 858 tanti
1530 796 1647 858 ulla
1673 799 1906 868 merita,
1937 806 2156 878 quanta
2184 798 2501 862 insolentia

277 882 538 942 bominis
568 889 967 962 quantumque
996 881 1335 943 fastidium·
1401 882 1492 943 Ad
1522 882 1847 944 sedandum
1877 888 2096 953 autem,
2138 901 2355 962 magno
2396 883 2498 945 illa
2526 891 2634 945 21⁰

278 965 505 1036 labore,
537 968 767 1045 magnis
794 966 1073 1046 periculis
1102 985 1231 1029 esse
1259 973 1428 1045 parta
1471 985 1583 1026 nec
1622 966 1694 1028 ad
1735 985 1906 1036 suum
1950 969 2345 1039 commodum,
2391 967 2499 1031 sed

279 1050 357 1111 ad
387 1050 636 1128 aliorum
668 1070 798 1112 esse
827 1050 1053 1122 collata,
1098 1069 1363 1131 seseque,
1405 1053 1455 1111 si
1485 1070 1662 1131 quam
1692 1050 1941 1130 gloriam
1970 1054 2273 1133 peperisse
2303 1053 2501 1115 videa·

277 1143 396 1205 tur,
427 1138 739 1197 tamenetsi
769 1154 838 1197 ea
868 1155 988 1196 non
1018 1137 1094 1197 sit
1121 1137 1320 1216 iniqua
1353 1153 1581 1197 merces
1610 1136 1875 1216 periculi,
1915 1144 2112 1198 tamen
2147 1157 2215 1199 ea
2244 1156 2366 1199 non
2395 1138 2502 1199 de-

277 1219 489 1280 lectari
516 1227 816 1300 totamque
846 1220 1101 1281 abiicere
1132 1228 1306 1301 atque
1329 1219 1657 1300 deponere;
1691 1223 2049 1302 omninoque
2071 1223 2501 1302 perficiendum

281 1311 387 1374 est,
433 1306 710 1384 quoniam
750 1302 1017 1385 plerique
1064 1312 1201 1366 sunt
1239 1304 1421 1365 invidi
1459 1307 1829 1386 maximeque
1870 1307 1986 1367 hoc
2040 1314 2129 1367 est
2184 1325 2502 1369 commune

276 1390 484 1449 vitium
529 1397 589 1450 et
628 1396 1000 1469 perpetuum,
1042 1390 1336 1451 invidetur
1376 1397 1575 1451 autem
1617 1392 1942 1469 praestanti
1980 1391 2334 1472 florentique
2376 1392 2502 1453 for-

280 1480 476 1543 tunae,
524 1481 591 1534 ut
630 1475 781 1534 haec
821 1476 1018 1554 opinio
1060 1476 1358 1536 minuatur
1401 1481 1461 1535 et
1497 1473 1596 1535 illa
1627 1474 1921 1536 excellens
1950 1477 2228 1555 opinione
2258 1476 2499 1537 fortuna

279 1576 416 1618 cum
459 1557 760 1619 laboribus
803 1565 864 1619 et
903 1561 1159 1620 miseriis
1198 1560 1492 1638 permixta
1534 1577 1662 1620 esse
1713 1559 1996 1621 videatur.
2082 1559 2205 1622 Iam
2263 1562 2497 1622 m1seri-
2528 1568 2630 1621 211

276 1641 480 1702 cordia
521 1650 807 1713 movetur,
851 1645 901 1703 si
940 1645 1009 1715 is,
1052 1645 1153 1724 qui
1193 1643 1382 1714 audit,
1427 1642 1642 1705 adduci
1684 1649 1895 1723 potest,
1950 1654 2016 1705 ut
2053 1642 2172 1712 illa,
2227 1663 2379 1724 quae
2426 1644 2499 1706 de

279 1724 465 1787 altero
510 1726 912 1807 deplorentur,
956 1728 1029 1789 ad
1071 1747 1206 1790 suas
1247 1746 1346 1789 res
1386 1735 1639 1799 revocet,
1686 1745 1830 1809 quas
1871 1737 1972 1790 aut
2012 1726 2214 1789 tulerit
2255 1729 2502 1790 acerbas

277 1818 380 1872 aut
407 1813 627 1882 timeat,
671 1820 737 1874 ut
777 1814 1013 1874 intuens
1054 1813 1231 1874 alium
1268 1812 1480 1874 crebro
1527 1812 1600 1874 ad
1641 1832 1705 1874 se
1745 1814 1940 1893 ipsum
1979 1820 2326 1875 revertatur.
2414 1813 2513 1875 Ita.

283 1914 418 1955 cum
451 1896 664 1974 singuli
694 1915 863 1958 casus
892 1898 1287 1959 humanarum
1316 1899 1692 1959 miseriarum
1721 1900 1979 1977 graviter
2009 1899 2398 1978 accipiuntur,
2450 1899 2504 1959 si

280 1980 559 2040 dicuntur
582 1981 867 2051 dolenter,
903 1994 1025 2043 tum
1056 1982 1288 2043 adflicta
1321 1991 1379 2042 et
1406 1989 1699 2062 prostrata
1730 1984 1914 2043 virtus
1943 1984 2200 2044 maxIme
2231 1982 2501 2044 luctuosa

278 2069 399 2134 est;
433 2074 508 2132 et,
543 2072 606 2125 ut
634 2064 730 2126 illa
762 2066 944 2127 altera
967 2084 1105 2147 pars
1135 2069 1434 2137 orationis,
1468 2085 1618 2147 quae
1647 2066 1958 2146 probitatis
1982 2067 2502 2128 commendatione

277 2148 424 2209 boni
452 2151 562 2209 viri
593 2149 766 2212 debet
794 2154 1058 2231 speciem
1089 2153 1259 2220 tueri,
1292 2150 1458 2223 lenis
1503 2158 1566 2212 ut
1596 2170 1772 2231 saepe
1801 2153 1921 2212 iam
1951 2152 2090 2221 dixi,
2136 2160 2310 2231 atque
2341 2171 2503 2213 snm-

276 2235 474 2304 missa,
508 2236 592 2294 sic
622 2235 787 2305 haec,
822 2255 970 2317 quae
1000 2238 1318 2316 suscipitur
1346 2235 1420 2296 ab
1444 2243 1681 2297 oratore
1705 2236 1778 2296 ad
1803 2235 2250 2297 commutandos
2275 2237 2505 2298 animos

347 2453 777 2555 aequabilitatem,
803 2492 826 2539 I
849 2489 941 2552 42,
972 2464 1078 2548 ⁹188,
1129 2490 1221 2539 das
1255 2489 1342 2539 fiir

276 2557 376 2607 alle
399 2558 450 2606 in
473 2557 700 2622 gleicher
716 2558 894 2607 Weise
916 2558 1152 2622 geltende
1162 2557 1338 2607 Recht.

1442 2490 1585 2555 cipes
1619 2489 1780 2547 νίτοε,
1828 2496 1886 2538 ut
1930 2496 2008 2539 est
2041 2497 2224 2538 natura
2257 2488 2510 2540 invidiae.

1443 2559 1701 2622 opinione,
1726 2556 2099 2606 vermeintlich.

346 2643 670 2705 praestantia
691 2642 978 2706 dignitatis,
1014 2642 1097 2691 die
1130 2640 1340 2691 hervor-

277 2709 502 2774 ragende
526 2709 776 2772 Stellung.

350 2791 489 2853 Quae
511 2794 560 2842 ai
573 2793 929 2858 inflammanda
947 2799 1078 2852 eunt,
1102 2791 1203 2841 will
1224 2807 1339 2841 man

281 2859 424 2909 diese
455 2860 555 2910 viel
588 2862 888 2910 beneideten
912 2860 1151 2925 Vorziige
1183 2859 1341 2911 durch

278 2927 365 2976 die
388 2927 525 2977 faces
559 2927 760 2978 dicendi
797 2924 850 2993 (S
873 2926 1003 2993 205)
1043 2930 1181 2977 einer
1212 2927 1343 2979 noch

279 2997 622 3059 gesteigerten
668 2996 861 3045 invidia
902 2997 1232 3061 preisgeben‚
1283 3010 1342 3047 so

280 3063 403 3112 dass
429 3064 520 3112 der
542 3063 718 3112 Funke
741 3064 792 3113 in
816 3063 976 3113 heller
986 3064 1210 3114 Flamme
1232 3063 1347 3114 auf-

280 3129 460 3181 lodert.
499 3129 568 3180 So
593 3130 727 3182 Orat.
753 3128 837 3191 28,
863 3141 913 3182 99
947 3145 1048 3182 non
1073 3145 1346 3197 praepara-

280 3198 346 3247 tis
371 3198 578 3248 auribus
601 3198 914 3249 inflammare
936 3215 1060 3249 rem.

348 3290 440 3332 210.
479 3283 573 3333 Ad
590 3284 884 3333 sedandum.
911 3283 1013 3332 Zur
1028 3282 1347 3334 Besehwich-

279 3350 462 3414 tigung
485 3350 575 3399 der
597 3365 698 3401 von
719 3349 810 3399 der
826 3350 1019 3400 invidia
1039 3351 1341 3414 ergriffenen

278 3416 520 3467 Gemiiter
542 3418 611 3467 ist
634 3417 819 3467 darauf
837 3417 1202 3468 hinznweisen.

346 3517 560 3566 seseque
583 3502 650 3551 ist
669 3501 827 3551 durch
847 3502 939 3551 das
958 3502 1244 3568 vorausgeh
1252 3519 1340 3553 en-

280 3569 349 3622 de
371 3585 522 3620 suum
555 3569 863 3631 veraulasst3
900 3569 989 3619 der
1012 3569 1218 3620 Redner
1250 3571 1340 3620 be·
1402 3593 1405 3598 >

281 3637 436 3702 greift
458 3636 569 3687 sich
593 3638 688 3686 mit
711 3638 820 3696 ein;
855 3638 946 3687 wir
970 3652 1127 3704 sagen
1154 3639 1206 3688 in
1233 3638 1343 3689 die-

276 3719 391 3756 sem
416 3704 570 3768 Falle,
595 3705 717 3756 dass
741 3721 896 3756 man.

281 3796 764 3923 ntfzsszt‘zttaz
783 3790 1191 3924 §ffatffltssf
1230 3806 1346 3909 1535

278 3924 381 3975 Die
416 3924 763 3990 gewfihnliche
795 3925 974 3976 Lesart
1013 3936 1346 3994 pervagatum

279 3993 351 4043 ist
376 4008 472 4043 nur
493 3993 578 4043 die
601 3992 890 4059 Erkliirung
912 3995 1096 4046 davon.

340 4078 609 4158 ³invidetur·
641 4088 736 4126 etc.
753 4076 935 4158 ,quh
961 4077 1045 4128 Αἵ
1074 4077 1173 4130 157
1204 4069 1348 4143 πρὸς

279 4161 534 4264 91·ῗὲρξἕῖ
545 4140 778 4264 ᾰὶκὲἔὲθ
789 4159 857 4263 ad
866 4141 1349 4280 iffggssffiogffissl

389 4302 492 4346 ctc.
520 4300 594 4344 DE
619 4300 790 4345 ORA‘r.
839 4302 880 4345 2.
909 4303 1032 4345 Aust.

1510 2650 1603 2692 211.
1640 2640 1779 2698 Iam,
1824 2640 1960 2689 beitn
2000 2640 2186 2690 letzten
2224 2639 2372 2691 Glied
2415 2640 2509 2690 der

1441 2708 1767 2771 Aufzfilnng:
1796 2723 1901 2757 nun
1922 2707 2139 2759 eudlich.
2161 2707 2379 2773 Seyffert
2396 2707 2504 2758 sch.

1442 2775 1531 2827 lat.
1553 2791 1607 2841 p.
1632 2774 1719 2825 34.
1743 2773 1827 2825 36.

1509 2859 1881 2921 misericordia,
1907 2859 2061 2910 Arist.
2088 2859 2216 2910 rhet.
2244 2858 2342 2910 118
2368 2854 2507 2912 ἔστω

1444 2919 1517 2994 δὴ
1549 2923 1703 2987 ἔλεος
1738 2917 1885 2994 λύπη
1923 2944 2009 2987 τις
2046 2918 2138 2980 ἐπὶ
2175 2922 2508 3007 φαινομένῳ

1442 2993 1602 3061 κακῷ
1638 2993 1944 3061 φθαρτικῷ
1986 2992 2086 3047 καὶ
2134 2996 2366 3063 λυπηρῳ
2405 2994 2511 3047 τοῦ

1444 3054 1691 3126 ἀναξίου
1723 3056 2031 3142 τυγχάνειν
2049 3052 2092 3142 ἓ
2123 3081 2158 3114 κ
2176 3053 2218 3114 ἂ
2228 3082 2263 3116 ν
2296 3055 2510 3144 αὐτὸς

1441 3129 2003 3196 προσδοκησειεν
2035 3146 2124 3182 αν
2154 3131 2436 3183 παθεῖν
2468 3148 2507 3196 η

1440 3197 1559 3250 τῶν
1582 3190 1762 3250 αὐτοῦ
1785 3214 1935 3249 τινα.

1513 3264 1624 3326 Ita,
1644 3280 1792 3316 wenn
1815 3265 1911 3315 auf
1928 3266 2071 3315 diese
2093 3265 2273 3315 Weise
2297 3266 2388 3316 der
2406 3266 2506 3314 Zu-

1443 3334 1593 3386 haret
1617 3348 1682 3383 an
1709 3332 1819 3383 sich
1842 3332 2003 3383 selbst
2034 3332 2193 3382 denkt
2227 3332 2375 3396 (dass
2400 3331 2510 3381 ihm

1441 3400 1578 3451 auch
1599 3401 1780 3450 einmal
1804 3409 1958 3451 etwas
1982 3399 2291 3450 Aehnliches
2316 3401 2510 3463 hogeg-

1446 3484 1543 3519 nen
1570 3466 1754 3533 kann),
1779 3466 1953 3518 machi.
1974 3467 2058 3517 die
2078 3466 2330 3517 rfibrende
2342 3465 2509 3517 Sohu-

1445 3537 1643 3601 derung
1660 3536 1810 3600 jedes
1835 3534 2212 3585 menschlichen
2223 3534 2407 3584 Leides
2433 3535 2509 3584 ei-

1444 3619 1544 3654 nen
1562 3603 1716 3654 tiefen
1726 3603 2003 3665 Eindruck,
2018 3602 2118 3652 den
2139 3601 2514 3653 erachiitternd-

1445 3680 1560 3723 sten
1582 3673 1721 3732 aber,
1752 3686 1898 3721 wenn
1925 3685 1979 3720 es
2006 3671 2157 3720 einen
2181 3671 2331 3720 edlen
2354 3669 2510 3719 Manu

1446 3740 1711 3791 betroffen.

1511 3807 1787 3873 probitatis
1803 3807 2248 3862 commendatione,
2274 3805 2366 3854 das
2385 3804 2507 3854 Em·

1446 3874 1740 3941 premendo,
1766 3874 1859 3924 das
1883 3874 1936 3923 in
1962 3874 2101 3924 einer
2124 3872 2383 3924 redlichen
2409 3868 2509 3921 Ge·

1446 3944 1670 4007 sinnung
1687 3941 1828 4007 liegt,
1853 3942 1876 3990 I
1898 3939 1983 4001 26,
2005 3950 2095 3992 122.
2120 3940 2265 3990 Denn
2284 3938 2509 3990 dadurob

1445 4010 1651 4059 werden
1674 4009 1759 4059 die
1781 4007 2007 4060 Znhiirer
2037 4022 2321 4074 gewonnen
2336 4046 2350 4069 ,
2386 4006 2507 4058 dass

1447 4092 1569 4128 man
1591 4077 1669 4127 sie
1695 4078 2003 4141 iiberzeugt,
2029 4075 2152 4126 dass
2176 4076 2251 4125 sie
2277 4072 2394 4126 eine
2415 4074 2509 4126 eh·-

1447 4154 1695 4196 renwerte
1716 4143 2119 4197 Personliehkeit
2147 4158 2242 4195 vor
2272 4142 2379 4194 sich
2410 4142 2509 4194 ho·

1448 4215 1567 4277 ben,
1590 4211 1623 4281 S
1649 4211 1765 4266 182.

2025 4302 2108 4365 15
