2930 4693
416 217 540 284 332

411 379 535 443 208,
572 378 702 430 nach
722 378 1023 438 Kleanthes,
1061 378 1486 434 dessen.Schiiler

417 465 473 500 er
497 463 614 507 war,
638 448 894 499 Vorstand
919 447 1008 498 der
1024 445 1163 509 Stoa,
1188 461 1283 498 aus
1296 446 1405 498 Soli
1427 447 1484 498 in

416 516 644 580 Cilicien,
669 514 838 566 wohin
862 516 974 566 sein
996 514 1155 565 Vater
1176 529 1270 565 aus
1293 516 1483 566 Tarsus

413 598 645 650 gezogen
681 599 802 634 war.
876 582 1031 634 Seine
1064 581 1371 649 Bedeutuug
1403 582 1481 633 als

416 649 949 718 stoischerPhilosoph
971 665 1075 700 war
1094 664 1153 701 so
1172 664 1339 716 gross,
1359 651 1481 731 dags

415 734 515 771 von
540 718 645 770 ihm
669 726 851 786 gesagt
883 718 1046 768 ward:
1080 713 1141 796 §l
1160 709 1239 784 μὴ
1274 714 1383 784 ’γὰρ
1406 735 1482 784 ην

412 778 772 853 Χρύσιππος,
818 778 924 838 οὐκ
960 772 1034 837 ἂν
1065 801 1141 852 ην
1175 778 1359 848 Στοάς
1397 787 1485 849 qni

416 854 598 906 fulcire
643 864 849 922 putatur
963 854 1146 904 tticum
1194 853 1484 904 Stoicorum

416 919 605 988 (Acad.
629 925 677 974 11
712 922 804 982 24,
841 931 893 972 75
923 960 937 983 ,
984 921 1230 972 acerrimo
1275 923 1356 972 vir
1399 922 1482 971 in-

412 987 690 1108 ἕιῖῖῗὲηῗιῖἰ
711 987 1484 1121 {2·.¹.3;312’.„‘¹§;.52⁸,32“k¹35

414 1126 687 1177 dererseits
706 1127 852 1175 aber:
871 1125 1077 1191 scripsit
1092 1133 1251 1176 artem
1269 1123 1483 1175 rhetori-

412 1193 713 1244 cam-sed
735 1193 828 1251 sic,
849 1199 904 1243 ut
926 1193 972 1242 si
998 1192 1111 1255 quis
1132 1192 1486 1243 obmuteseere

411 1261 744 1326 concupierit,
781 1257 904 1310 nihil
938 1260 1077 1310 aliud
1112 1259 1281 1326 legere
1304 1260 1490 1311 debeat

413 1326 513 1393 (de
531 1327 618 1378 fin.
641 1328 714 1379 1v
753 1326 804 1390 3,
826 1327 891 1390 7).
927 1328 1046 1381 Hor.
1072 1335 1170 1380 sat.
1211 1329 1235 1377 1
1258 1326 1308 1388 3,
1346 1337 1420 1378 128
1446 1327 1503 1394 f„

422 1406 570 1463 pater
595 1395 927 1462 Chrysippus.
1372 1411 1389 1434 s

487 1461 689 1515 Cicero
737 1477 926 1526 senex,
974 1472 1146 1529 pater,
1195 1463 1252 1515 L.
1290 1461 1488 1528 Cicero,

419 1531 553 1583 Einl·
578 1534 601 1586 1
628 1531 660 1594 S
684 1529 736 1592 3,·
758 1540 800 1581 9.

493 1599 565 1666 Q.
593 1598 794 1650 Cicero
819 1598 949 1649 Einl.
976 1600 998 1648 1
1022 1595 1054 1664 S
1077 1597 1133 1649 3.

490 1664 695 1719 Cilicia
722 1669 744 1717 1
772 1663 851 1726 18,
875 1675 954 1726 8²3
980 1667 1026 1716 11
1057 1665 1101 1728 l,
1128 1676 1169 1716 2.

484 1734 565 1787 Μ.
592 1731 818 1785 Cincius
842 1730 1159 1785 Alimentus
1207 1735 1253 1783 11
1289 1732 1372 1797 71,
1407 1742 1487 1785 286

412 1804 559 1854 ⁴hatte
590 1803 667 1853 als
691 1802 1028 1852 Volkstribun
1057 1802 1128 1851 im
1162 1802 1210 1852 J.
1245 1800 1349 1851 204
1384 1801 1487 1852 den

418 1868 936 1935 Gesetzesvorschlag
994 1868 1348 1934 eingebracht:
1422 1885 1486 1919 ne

419 1941 532 2005 φάε
576 1938 640 1989 ob
686 1951 887 1986 causam
933 1938 1180 1987 orandam
1221 1939 1488 2001 pecuniam

416 2008 659 2058 donumve
676 2005 939 2068 acciperet
957 2020 1005 2054 u.
1025 2004 1105 2063 Ὦ.
1119 2004 1304 2055 Fabius
1321 2004 1488 2055 Maxi-

417 2088 536 2124 mus
554 2071 828 2123 admodum
848 2085 1007 2122 senex
1026 2085 1207 2122 suasor
1223 2070 1352 2137 legis
1367 2072 1488 2123 Cin-

414 2141 528 2191 ciae
562 2142 627 2192 de
651 2140 801 2191 donis
823 2147 875 2190 et
896 2140 1180 2191 muneribus
1202 2136 1337 2203 fuit‚’
1375 2139 1485 2191 Cat.
1514 2189 1523 2201 ,

416 2210 534 2261 mai.
556 2209 608 2270 4,
634 2216 700 2261 10.

397 2269 402 2276 ’
486 2272 849 2327 citharoedus
885 2275 933 2324 Il
956 2272 1040 2334 80,
1064 2284 1159 2326 325.
1206 2275 1369 2326 Ueber
1393 2274 1486 2325 das

417 2340 778 2396 theatralische
801 2341 1068 2393 Austreten
1095 2343 1263 2395 dieser
1289 2342 1504 2403 Cithers

417 2412 610 2479 spieler
642 2412 750 2462 und
769 2410 981 2477 sanger
1025 2412 1130 2477 vgl.
1163 2412 1230 2462 ad
1261 2412 1377 2461 Her.
1413 2412 1486 2463 IV

417 2481 504 2539 47,
538 2488 588 2530 oo
625 2494 743 2528 cum
775 2479 1020 2545 prodierit
1052 2481 1237 2544 optime
1260 2483 1484 2539 vestitus,

418 2547 610 2613 pallam
632 2548 914 2597 inauratam
939 2547 1166 2606 indutus,
1203 2562 1319 2597 cum
1344 2546 1488 2598 chla-

419 2617 574 2681 myde
620 2629 879 2681 purpurea
913 2615 1063 2666 variis
1110 2615 1364 2665 coloribus
1405 2616 1485 2665 in-

417 2691 560 2733 texta
578 2691 629 2733 et
646 2697 762 2732 eum
781 2696 968 2732 corona
978 2688 1163 2747 magna
1173 2681 1484 2748 fulgentibus

419 2752 635 2817 gemmis
658 2750 977 2812 inluminata,
1024 2751 1270 2800 citharam
1291 2756 1486 2802 ‘tenens

419 2819 865 2871 eoeomatissimam
897 2834 1026 2869 auro
1050 2826 1103 2868 et
1125 2819 1278 2870 ebore
1302 2819 1485 2870 distin-

417 2893 578 2946 ctam,
614 2886 728 2952 ipse
760 2894 1019 2950 praeterea
1054 2884 1216 2936 forma
1241 2895 1290 2936 et
1312 2887 1486 2950 specie

420 2955 489 3005 sit
511 2961 561 3003 et
582 2961 778 3003 statura
800 2953 1037 3017 adposita
1070 2953 1136 3002 ad
1172 2954 1485 3018 dignitatem,

422 3023 469 3072 si
501 3036 621 3071 cnm
654 3033 891 3084 magnam
925 3019 1115 3085 populo
1157 3023 1486 3071 commoverit

420 3089 502 3139 his
524 3089 679 3153 rebus
704 3087 1153 3152 exspectationem,
1177 3095 1386 3153 repente
1409 3090 1484 3140 si-

419 3157 599 3215 lentio,
623 3155 754 3206 facto
788 3168 970 3204 vocem
1001 3155 1168 3205 mittat
1211 3156 1483 3208 acerbissi-

419 3239 556 3277 mam
593 3238 710 3274 cum
740 3222 1033 3288 turpissimo
1064 3224 1289 3288 corporis
1324 3234 1485 3289 motu,

421 3306 523 3356 qno
549 3291 730 3342 melius
749 3298 956 3341 ornatus
975 3300 1025 3340 et
1043 3292 1207 3356 magis
1224 3290 1378 3342 fuerit
1394 3307 1491 3342 ex-

422 3367 709 3426 spectatus,
746 3372 805 3408 eo
841 3359 1007 3423 magis
1044 3359 1245 3410 derisus
1280 3366 1332 3409 et
1363 3375 1486 3411 con-

419 3435 644 3494 temptus
669 3426 882 3476 eiicitnr.
919 3424 1083 3478 Ueber
1098 3425 1489 3478 ihrePrfilndien

421 3510 469 3546 S.
495 3495 664 3554 Quint.
680 3494 759 3544 -IV
797 3493 844 3555 l,
878 3502 905 3543 2
926 3493 967 3544 f.
1015 3493 1290 3545 citharoedi
1324 3510 1490 3561 pauca

421 3562 529 3626 illa,
565 3577 694 3628 quae
732 3568 1001 3627 antequam
1032 3563 1298 3627 legitimum
1320 3570 1493 3613 certa-

420 3646 533 3682 men
563 3629 799 3681 inchoent
821 3631 1078 3680 emerendi
1094 3631 1295 3694 favoris
1314 3633 1492 3695 qratia

415 3704 624 3757 canunt,
642 3698 962 3762 prooemium
985 3698 1487 3762 cognominaverunt.

496 3762 723 3817 Claudii
761 3766 782 3813 1
807 3762 891 3828 39,
920 3773 1012 3815 176.

490 3831 800 3890 clausulae,
811 3828 1295 3883 Periodenschliisse
1312 3834 1385 3883 111
1402 3831 1488 3895 50,

422 3910 500 3954 192
521 3900 561 3952 f.
619 3900 701 3951 Or.
727 3899 811 3962 64,
847 3908 923 3949 215
946 3900 1001 3950 ff.
1073 3899 1204 3951 Sunt
1229 3901 1489 3951 clausulae

421 3969 622 4036 plures,
671 3982 802 4030 quae
851 3981 1121 4041 numerose
1168 3975 1219 4018 et
1263 3969 1488 4019 iucunde

403 4037 624 4091 findant.
693 4035 820 4084 Nam
857 4043 908 4084 et
931 4037 1182 4095 creticus,
1229 4037 1317 4100 qui
1352 4045 1429 4086 est
1461 4052 1490 4086 e

420 4101 580 4165 longa
602 4110 652 4151 et
674 4102 817 4152 brevi
841 4108 891 4150 et
914 4101 1081 4168 longa,
1102 4110 1150 4152 et
1169 4103 1279 4153 eius
1298 4117 1486 4168 aequa-

423 4166 489 4216 lis
517 4182 708 4229 paeon,
744 4169 831 4229 qui
854 4169 1021 4233 spatio
1083 4185 1139 4219 ar
1164 4178 1258 4233 est,
1291 4171 1488 4235 syllaba

423 4231 638 4296 longior,
669 4247 821 4297 quam
846 4184 1254 4287 commogissime
1278 4244 1487 4304 putatur

1120 199 1598 272 nmssammn
1641 221 1947 273 INDICES.

1585 380 1637 428 iu
1664 378 1885 431 solutam
1914 381 2193 431 orationem
2216 380 2416 447 illigari,
2441 397 2559 433 cum
2586 385 2656 434 sit

1586 446 1795 512 duplex.
1832 447 1960 498 Nam
1979 457 2068 498 aut
2091 463 2120 498 e
2141 447 2293 514 longa
2317 458 2396 500 est
2419 461 2469 501 et
2487 452 2655 506 tribus

1584 515 1844 579 brevibus,
1871 516 1956 578 qni
1981 531 2222 566 numerus
2241 518 2292 567 in
2310 518 2474 585 primo
2496 520 2654 585 viget,

1582 582 1715 633 iacet
1735 583 1786 633 in
1814 590 2056 644 extremo,
2082 594 2170 635 ant
2193 598 2223 633 e
2242 585 2454 636 totidem
2480 588 2657 636 brevi-

1584 651 1679 701 bus
1705 659 1755 701 et
1777 650 1955 716 longa,
1987 651 2040 700 in
2077 666 2229 716 quem
2255 654 2444 720 optime
2470 655 2654 705 cadere

1583 726 1795 769 censent
1812 729 2036 778 veteres;
2063 733 2158 785 ego
2177 734 2279 770 non
2292 721 2442 786 plane
2461 723 2653 783 reiicio,

1586 786 1679 837 sed
1702 785 1832 836 alios
1850 794 2120 852 antepono.
2158 787 2235 838 Ne
2256 791 2516 853 spondeus
2538 791 2654 854 qui·

1588 852 1705 903 dem
1737 853 1971 905 funditus
2008 862 2087 905 est
2121 856 2504 921 repudiandus,
2540 858 2656 920 etsi,

1587 921 1726 985 quod
1758 930 1837 972 est
1881 936 1910 971 e
1945 922 2112 987 longis
2148 923 2376 987 duabus,
2426 924 2659 977 hebetior

1587 988 1787 1040 videtur
1819 997 1869 1039 et
1904 990 2111 1040 tardior.
2167 990 2330 1043 Habet
2350 1000 2524 1043 tamen
2544 981 2658 1045 ἓω-

1585 1055 1737 1107 bilem
1747 1058 2002 1119 quendam
2021 1066 2071 1107 et
2092 1072 2194 1108 non
2216 1069 2478 1125 expertem
2490 1061 2658 1127 digni·

1584 1125 1706 1174 tatis
1751 1124 1992 1190 gradum,
2049 1126 2099 1174 in
2149 1125 2486 1179 incisionibus
2533 1144 2655 1180 vero

1589 1192 1748 1242 multo
1784 1193 1950 1257 magis
1985 1202 2035 1242 et
2068 1193 2122 1243 in
2151 1195 2396 1246 membris
2446 1196 2654 1260 (11149,

1592 1255 1725 1323 woh
1766 1260 2075 1325 paucitatem
2110 1262 2245 1311 enim
2268 1263 2461 1328 pedum
2483 1265 2661 1329 gravi·

1588 1333 1693 1377 tate
1716 1342 1812 1377 sua
1837 1337 1886 1378 et
1908 1327 2144 1378 tarditate
2176 1340 2495 1395 compensat.
2554 1331 2659 1383 Sed

1590 1393 1685 1445 hos
1719 1409 1835 1445 cum
1869 1395 1921 1445 in
1959 1395 2201 1447 clausulis
2235 1398 2392 1463 pedes
2429 1401 2657 1462 nomino,

1591 1476 1692 1512 non
1719 1461 1898 1526 loquor
1921 1463 1985 1513 de
2011 1479 2113 1514 uno
2137 1464 2270 1529 pede
2293 1474 2541 1525 extremo,
2566 1468 2658 1518 ad-

1588 1531 1765 1595 iungo,
1797 1531 1935 1593 qnod
1958 1532 2223 1582 minimum
2247 1533 2331 1596 sit,
2365 1536 2660 1600 proximum

1587 1598 1916 1663 superiorem,
1951 1613 2108 1665 saepe
2132 1599 2284 1650 etiam
2308 1603 2531 1652 tertium.
2584 1602 2659 1653 Ne

1589 1664 1780 1716 iambus
1828 1666 2058 1729 quidem,
2108 1668 2196 1731 qui
2245 1676 2322 1717 est
2369 1684 2398 1718 e
2429 1670 2574 1720 brevi
2611 1680 2660 1720 et

1588 1732 1770 1798 longa,
1797 1741 1885 1784 aut
1906 1749 1999 1799 par
2021 1735 2209 1786 choreo
2234 1737 2532 1797 trochaeus,
2571 1739 2660 1802 qui

1587 1798 1740 1851 habet
1765 1808 1866 1850 tres
1891 1801 2090 1861 breves,
2116 1803 2211 1853 sed
2228 1804 2399 1869 spatio
2418 1819 2530 1870 par,
2553 1820 2659 1856 non

1589 1867 1816 1932 syllabis,
1840 1877 1928 1919 aut
1951 1869 2103 1919 etiam
2126 1872 2380 1934 dactylus,
2413 1874 2503 1936 qui
2525 1884 2608 1923 est
2631 1888 2659 1922 e

1587 1936 1739 2000 longa
1764 1943 1814 1986 et
1837 1936 2034 1988 duabus
2059 1938 2328 2000 brevibus,
2350 1940 2412 2006 *si
2435 1948 2515 1990 est
2536 1955 2660 2006 pro·

1590 2003 1762 2053 ximus
1778 2018 1815 2064 ,a
1840 2013 2122 2069 postremo,
2157 2020 2338 2072 parum
2371 2007 2664 2060 volubiliter

1589 2071 1820 2137 pervenit
1841 2072 1908 2123 ad
1927 2080 2227 2137 extremum,
2241 2075 2291 2124 si
2304 2081 2384 2125 est
2401 2082 2664 2128 extrem

1588 2139 1805 2191 choreus
1820 2147 1910 2189 aut
1923 2142 2179 2203 spondeus
2188 2156 2209 2199 ,-
2227 2155 2506 2206 numquam
2523 2144 2661 2194 enim

1589 2207 1823 2265 interest,
1871 2215 1984 2256 uter
2014 2209 2083 2258 sit
2116 2223 2288 2258 eorum
2322 2211 2371 2259 in
2410 2211 2546 2277 pede
2571 2226 2664 2262 ex·-

1587 2281 1765 2325 tremo.
1802 2273 1905 2325 Sed
1932 2274 2099 2325 eidem
2133 2274 2187 2325 hi
2214 2285 2318 2328 tres
2348 2279 2508 2342 pedes
2526 2279 2661 2329 male

1592 2340 1917 2405 concludunt,
1947 2343 1993 2393 si
2017 2345 2131 2408 quis
2158 2359 2333 2396 eorum
2350 2346 2406 2396 in
2425 2355 2658 2398 extremo

1590 2409 1786 2461 locatus
1799 2418 1894 2470 est,
1905 2411 2003 2460 nisi
2016 2427 2236 2478 cumpro
2250 2415 2433 2463 cretico
2452 2423 2658 2480 postre-

1588 2492 1704 2528 mus
1739 2486 1818 2528 est
1851 2478 2113 2543 dactylum
2163 2480 2287 2530 nihil
2325 2482 2463 2532 enim
2498 2484 2661 2534 inter—

1590 2554 1683 2609 est,
1710 2546 1941 2610 dactylus
1965 2547 2033 2596 sit
2057 2554 2315 2599 extremus
2334 2564 2398 2599 an
2417 2551 2654 2613 creticus,

1588 2613 1708 2675 quia
1723 2621 1983 2680 postrema
2002 2614 2214 2679 syllaba,
2227 2617 2399 2668 brevis
2416 2631 2482 2668 an
2504 2619 2665 2684 longa

1589 2681 1670 2744 sit,
1685 2695 1749 2731 ne
1769 2682 1821 2731 iu
1840 2696 1994 2731 versu
2005 2683 2209 2746 quidem
2227 2683 2397 2736 refert.
2407 2711 2475 2722 —
2488 2687 2664 2738 Doch-

1585 2750 1712 2799 mius
1746 2759 1915 2798 antem
1941 2764 1970 2798 e
1992 2750 2218 2813 quinque
2242 2752 2469 2817 syllabis,
2495 2755 2664 2818 brevi,

1589 2816 1788 2867 duabus
1814 2817 1996 2881 longis,
2022 2818 2182 2881 brevi,
2207 2819 2360 2884 longa
2381 2847 2446 2857 —
2473 2822 2660 2884 quovis

1588 2883 1701 2934 loco
1726 2892 1879 2951 aptus
1904 2894 2007 2947 est,
2034 2886 2156 2935 dum
2180 2887 2337 2937 semel
2361 2899 2604 2953 ponatur.

1660 2949 2050 3003 Clitomachus
2071 2954 2094 3002 I
2119 2953 2205 3016 11,
2226 2962 2278 3005 45
2294 2970 2388 3006 aus
2400 2956 2662 3023 Karthago

1589 3017 1714 3085 (eig.
1733 3019 2058 3084 Hasdrubal),
2080 3019 2298 3071 'Schfiler
2319 3039 2371 3073 u.
2395 3025 2661 3075 nnmittel-

1578 3088 1735 3137 barer
1758 3085 2068 3153 Nachfolger
2105 3089 2196 3139 des
2225 3089 2539 3151 Carneades,
2578 3094 2659 3142 ein

1589 3152 2668 3212 sehrsmchtbarerSchriftsteller.DaTusa.

1590 3223 1660 3271 111
1694 3222 1786 3282 22,-
1833 3231 1884 3272 54
1927 3224 2400 3287 eineTrostschrift
2433 3228 2666 3278 erwiihnt

1589 3289 1733 3350 wird,
1757 3290 1841 3341 die
1866 3305 1920 3340 er
1943 3306 2042 3341 von
2069 3290 2236 3342 Ath'eu
2261 3308 2355 3344 aus
2380 3289 2581 3357 (wohin
2607 3310 2666 3346 er

1592 3366 1695 3408 erst
1717 3358 1769 3407 in
1795 3359 1989 3409 seinem
2022 3358 2106 3410 40.
2130 3359 2475 3426 Lebensjahre
2505 3364 2669 3413 fiber-

1591 3424 1823 3489 siedelte)
1860 3425 1991 3476 nach
2024 3428 2115 3477 der
2147 3428 2457 3494 zerstnrung
2488 3432 2670 3481 seiner

1589 3492 1881 3544 Vaterstadt
1902 3509 1966 3543 an
1991 3496 2131 3544 seine
2141 3494 2446 3547 Landsleute
2457 3498 2668 3562 gerich-

1589 3569 1662 3610 tet
1685 3560 1832 3626 habe,
1859 3577 1916 3611 so
1941 3575 2084 3613 muss
2110 3579 2164 3612 er
2174 3563 2385 3626 damals,
2413 3564 2492 3615 als
2504 3565 2666 3617 Cras-

1592 3643 1681 3679 sus
1705 3630 1754 3678 in
1769 3629 1936 3679 Athen
1960 3644 2080 3692 war,
2108 3631 2293 3681 bereits
2319 3633 2400 3681 ein
2427 3632 2663 3684 hochbe-

1586 3695 1781 3776 jahrter
1804 3695 1947 3776 Greis
1970 3712 2203 3763 gewesen
2232 3700 2360 3749 sein.
2699 3750 2707 3757 ,

1591 3763 2663 3887 ‹12:¹53330d25‘61m222212'33ffi‘23‘¹3¹4

1589 3900 1722 3950 Fran
1745 3900 1891 3950 kann
1925 3902 2018 3951 auf
2065 3901 2296 3952 dreierlei
2328 3903 2507 3954 Weise
2541 3913 2665 3954 ent—

1594 3965 1798 4017 stehen:
1825 3967 1982 4018 durch
2002 3969 2356 4036 confarreatio,
2377 3971 2490 4021 eine
2508 3972 2660 4038 relig.

1593 4033 1882 4084 carimonie
1915 4050 2006 4086 vor
2049 4035 2180 4087 zehn
2214 4038 2444 4104 Zeugen3
2496 4038 2663 4090 durch

1588 4103 2374 4235 &testiviz‘agfifffissffzsszff
2383 4106 2663 4240 fit‘flsszz‘:

1589 4236 1640 4289 d.
1663 4236 1715 4288 h.
1743 4239 1906 4288 einem
1928 4239 2152 4305 Zeugen,
2181 4239 2270 4291 der
2294 4242 2373 4292 bei
2398 4242 2489 4292 der
2509 4242 2664 4293 Mau-
