2930 4693
444 190 568 254 196
1012 182 1111 247 DE
1153 182 1510 246 ORATORE
1547 182 1602 245 [Ι
1639 182 1742 245 69.
1782 187 2092 245 277—280.

444 354 606 417 domi
634 371 753 415 non
785 371 914 415 esse
930 399 947 423 ,
992 353 1202 415 Nasica
1247 356 1431 415 sensit
1474 351 1634 415 illam
1674 352 1898 414 domini
1937 352 2099 413 iussu
2142 351 2359 414 dixisse
2399 359 2460 414 et
2496 351 2683 415 illum

442 441 604 501 intus
645 457 792 499 esse.
879 438 1091 500 Paucis
1129 445 1265 518 post
1304 437 1515 499 diebus
1557 456 1691 500 cum
1737 437 1811 498 ad
1841 437 2110 499 Nasicam
2156 439 2413 500 venisset
2440 438 2684 499 Ennius

443 530 505 586 et
532 541 667 585 eum
699 542 732 583 a
760 525 936 585 ianua
966 529 1299 604 quaereret,
1332 522 1622 584 exclamat
1643 523 1851 584 Nasica
1881 540 1946 582 se
1978 520 2141 583 domi
2163 539 2285 584 non
2309 540 2457 584 esse.
2512 523 2679 585 Tum

442 608 697 671 Ennius:
729 608 941 681 ‘Quid,
974 625 1086 687 ego
1116 624 1237 668 non
1267 624 1594 687 cognosco,
1625 609 1845 688 inquit,
1875 623 2081 668 vocem
2111 614 2276 669 tuam
2292 608 2338 668 ‘3’
2409 608 2520 669 Hic
2549 608 2677 669 Na-

443 694 596 754 sica:
639 693 855 754 ‘Homo
883 712 949 754 es
990 691 1323 773 impudens.
1413 692 1539 770 Ego
1582 710 1718 754 cum
1749 700 1808 754 te
1839 709 2219 772 quaererem,
2251 691 2499 754 ancsslae
2529 699 2676 754 tuae

445 777 673 840 credidi
702 783 761 838 te
791 778 951 839 domi
980 794 1102 839 non
1133 794 1290 847 esse,
1320 784 1387 840 tu
1414 778 1565 839 mihi
1594 795 1714 838 non
1745 776 1941 839 credis
1969 778 2084 856 ipsi
2097 777 2143 836 Ρ

313 869 415 921 277
615 862 721 924 Est
748 861 971 923 bellum
1000 860 1146 923 illud
1174 880 1409 943 quoque
1426 908 1443 931 ,
1478 879 1549 923 ex
1579 881 1697 942 quo
1725 863 1804 933 is,
1837 862 1938 942 qui
1969 861 2144 931 dixit,
2186 860 2471 923 irridetur
2497 863 2563 922 in
2594 880 2676 924 eo

443 949 574 1027 ipso
602 964 854 1026 genere,
897 966 1014 1028 quo
1047 946 1225 1007 dixit:
1275 955 1368 1014 ut,
1409 965 1547 1009 cum
1578 946 1647 1019 Q.
1682 946 1949 1027 Opimius
1978 946 2338 1017 consularis,
2391 947 2493 1026 qui
2521 946 2675 1008 adu-

440 1030 803 1094 lescentulus
832 1031 986 1092 male
1015 1030 1293 1102 audisset,
1324 1031 1538 1100 festivo
1562 1031 1793 1093 homini
1814 1031 2025 1110 Egilio,
2058 1033 2159 1110 qui
2186 1030 2487 1092 videretur
2514 1030 2673 1095 mol-

442 1115 558 1177 lior
586 1133 696 1177 nec
726 1123 911 1188 esset,
944 1116 1215 1177 dixisset.
1249 1115 1427 1188 ‘Quid
1459 1115 1760 1195 tu,Eg11ia
1790 1116 1957 1177 mea?
2007 1117 2243 1196 quando
2273 1115 2346 1177 ad
2375 1134 2472 1177 me
2504 1117 2672 1178 venis

444 1218 580 1261 cum
608 1209 707 1261 tua
739 1198 875 1261 colu
905 1207 966 1261 et
993 1199 1158 1262 lana.
1140 1201 1187 1246 ’θ’
1261 1200 1417 1262 ‘Non
1447 1200 1576 1280 pol,
1617 1202 1838 1281 inquit,
1881 1199 2087 1305 audeo.
2159 1200 2308 1262 Nam
2349 1218 2446 1262 me
2475 1200 2549 1261 ad
2581 1200 2671 1262 fa-

444 1302 640 1346 mosas
667 1286 853 1346 vetuit
880 1292 1072 1346 mater
1101 1284 1407 1346 accedere.
1414 1285 1436 1318 ’

275 1360 359 1436 69
373 1374 477 1427 278
606 1368 769 1431 Salsa
801 1376 938 1432 sunt
970 1371 1179 1443 etiam,
1223 1389 1375 1451 quae
1417 1369 1641 1432 habent
1670 1371 2055 1451 suspitionem
2086 1370 2324 1432 ridiculi
2353 1369 2670 1432 abscondi·

442 1460 595 1526 tam,
650 1473 767 1535 quo
809 1456 875 1515 in
913 1472 1135 1534 genere
1166 1462 1257 1516 est
1287 1454 1470 1517 Siculi
1508 1453 1682 1526 illud,
1736 1457 1857 1526 cui,
1911 1474 2045 1516 cum
2090 1454 2398 1516 familiaris
2425 1455 2671 1535 quidam

442 1547 795 1618 quereretur
851 1540 1011 1621 quod
1055 1540 1283 1602 diceret
1342 1558 1591 1601 uxorem
1641 1558 1809 1602 suam
1858 1540 2236 1620 suspendisse
2286 1558 2351 1601 se
2404 1540 2478 1600 de
2527 1540 2666 1608 ficu,

447 1624 699 1687 ‘Amabo
739 1632 828 1696 te,
872 1626 1094 1705 iuquit,
1138 1624 1208 1685 da
1252 1625 1400 1686 mihi
1445 1643 1518 1685 ex
1556 1626 1667 1685 ista
1700 1623 1915 1685 arbore
1944 1643 2093 1705 quos
2122 1642 2315 1685 seram
2347 1623 2666 1684 surculos?

442 1708 508 1769 In
539 1709 750 1771 eodem
780 1727 1001 1788 genere
1032 1716 1150 1780 est,
1183 1710 1340 1789 quod
1371 1708 1610 1791 Catulus
1640 1710 1787 1771 dixit
1816 1708 2047 1771 cuidam
2080 1710 2302 1771 oratori
2330 1708 2521 1779 malo;
2565 1711 2669 1791 qui

442 1812 577 1855 cum
598 1796 661 1854 in
685 1793 916 1873 epilogo
940 1792 1409 1867 misericordiam
1433 1812 1497 1854 se
1519 1795 1771 1855 movisse
1793 1801 2046 1875 putaret,
2079 1800 2391 1874 postquam
2416 1792 2665 1864 adsedit,

440 1881 668 1955 rogavit
695 1878 854 1939 hunc
882 1876 1259 1939 videreturne
1290 1858 1760 1940 misericordiam
1787 1878 2068 1939 movisse·
2104 1878 2211 1938 ‘Ac
2234 1895 2514 1955 magnam
2534 1880 2667 1957 qui-

441 1960 607 2030 dem,
649 1963 868 2041 inquit,
902 1962 1200 2023 neminem
1233 1964 1393 2023 enim
1421 1971 1566 2042 puto
1597 1981 1726 2025 esse
1756 1971 1875 2024 tam
1909 1962 2154 2033 durum,
2198 1964 2296 2023 cui
2324 1980 2445 2023 ιιοιι
2475 1964 2668 2023 oratio

439 2051 541 2107 tua
570 2045 905 2108 miseranda
936 2047 1057 2106 visa
1085 2047 1178 2106 sit.
1184 2048 1207 2078 ⁹

310 2132 414 2186 279
610 2131 705 2193 Me
727 2131 964 2212 quidem
990 2129 1232 2192 hercule
1258 2132 1433 2194 etiam
1454 2130 1554 2193 illa
1578 2131 1745 2193 valde
1767 2140 2007 2194 movent
2026 2132 2395 2194 stomachosa
2419 2138 2480 2193 et
2499 2133 2672 2212 quasi

440 2215 789 2279 submorosa
819 2214 1087 2287 ridicula,
1120 2233 1241 2277 non
1265 2234 1398 2277 cum
1422 2235 1456 2276 a
1481 2234 1720 2279 moroso
1742 2217 2052 2287 dicuntum
2081 2225 2207 2278 tum
2234 2218 2392 2278 enim
2417 2235 2537 2278 non
2559 2216 2667 2288 sal,

441 2300 550 2363 sed
577 2307 787 2362 natura
829 2300 1076 2363 ridetur.
1166 2300 1233 2362 ln
1274 2320 1424 2383 quo,
1468 2308 1534 2364 ut
1562 2302 1712 2365 mihi
1739 2301 1999 2374 videtur,
2040 2301 2371 2383 persalsum
2398 2300 2546 2363 illud
2576 2311 2672 2365 est

441 2385 596 2467 apud
625 2386 904 2466 Novium:
2477 2425 2481 2429 ι

1070 2469 1212 2552 q'uid
1240 2471 1476 2553 ploraS,
1507 2474 1712 2554 pater?
1747 2506 1817 2519 —-

785 2556 1004 2619 Mirum
1032 2559 1095 2619 ni
1123 2565 1359 2619 cantem
1392 2604 1655 2619 ......
1688 2557 2117 2620 condemnatus
2147 2576 2297 2620 sum.

438 2642 590 2704 Huic
632 2643 840 2721 generi
878 2644 1047 2722 quasi
1076 2643 1439 2705 contrarium
1484 2650 1576 2705 est
1602 2642 1839 2704 ridiculi
1867 2661 2054 2722 genus
2081 2643 2359 2722 patientis
2387 2660 2457 2703 ac
2485 2641 2667 2703 lenti:

437 2734 531 2797 ut,
577 2745 711 2787 cum
743 2728 885 2789 Cato
915 2746 1232 2806 percussus
1263 2735 1419 2789 esset
1448 2726 1522 2789 ah
1567 2746 1666 2800 eo,
1713 2730 1814 2808 qui
1843 2746 2045 2789 arcam
2074 2727 2330 2798 ferebat,
2386 2746 2522 2789 cum
2563 2726 2669 2788 ille

440 2810 696 2880 diceret,
730 2811 929 2872 ‘Cave'
960 2814 1188 2889 rogavit
1219 2812 1532 2893 ‘numquid
1563 2811 1721 2874 aliud
1752 2814 1939 2874 ferret
1964 2820 2204 2892 praeter
2233 2830 2435 2873 arcam
2446 2812 2493 2872 ’ξ’

308 2902 413 2966 280
608 2895 714 2958 Est
743 2896 918 2956 etiam
947 2894 1228 2957 stultitiae
1258 2895 1407 2958 salsa
1430 2897 1849 2978 reprehensio:
1880 2904 1948 2959 ut
1966 2897 2068 2969 ille
2092 2896 2339 2969 Siculus,
2374 2898 2471 2960 cui
2490 2915 2669 2977 prae-

504 3123 600 3166 277.
634 3115 886 3166 initietur
919 3121 1016 3165 ete.
1032 3151 1049 3179 ,
1097 3116 1187 3165 mit
1232 3116 1502 3168 derselben
1604 3118 1901 3169 unbekannt
1932 3119 2039 3169 und
2075 3118 2233 3170 daher
2255 3119 2341 3169 die
2365 3117 2676 3183 eigentliche

436 3183 611 3250 Lange
633 3182 939 3249 gewaschen
959 3184 1102 3260 vqird.
1603 3186 1782 3304 Pofflte
1804 3185 1946 3268 nieht
1966 3186 2110 3267 reclit
2131 3186 2495 3306 νῧιεξέιηιᾱὶὶοὲι.
2528 3256 2590 3305 Ἰ)

859 3287 912 3300 ..
1252 3286 1263 3299 ·
1411 3287 1422 3298 ·
1732 3270 2133 3306 anunm—lm
2207 3270 2237 3304 n
2342 3269 2406 3305 en
2465 3269 2558 3304 arn
2592 3269 2665 3315 er,

437 3283 1501 3405 a⁶⁹²13⁸²³⁸²m333552
1864 3321 2002 3374 sonu
2285 3322 2464 3387 frenas

436 3421 727 3486 singlichen
752 3422 1023 3473 Ausdruck
1045 3423 1285 3486 verbirgt.
1326 3422 1499 3482 Quint.
1604 3389 1702 3440 ‘ioh
1727 3390 1913 3455 glaube
1933 3393 2039 3455 3⁸¹⁶
2077 3389 2202 3440 ‘’der
2225 3391 2375 3453 ‘3⁸¹¹‘
2397 3391 2559 3453 8⁸Wi⁸
2582 3390 2664 3439 ich

434 3488 1341 3623 aazias§samm
1360 3490 1501 3608 aaz}
1602 3457 2524 3586 2231222‘22532oei22ss2·iessiaffl?

434 3624 574 3690 apud
589 3623 882 3674 ciceronem
912 3626 1160 3687 querenti,
1202 3626 1340 3689 quod
1367 3640 1501 3676 uxor
1602 3608 1716 3644 cess
1742 3593 2010 3672 verloren,
2033 3592 2143 3642 also
2177 3592 2273 3643 wol
2298 3592 2523 3644 Ursache
2548 3609 2664 3643 zum

434 3706 531 3742 gua
566 3705 631 3740 εχ
653 3690 750 3741 fico
776 3707 893 3742 sese
926 3693 1308 3758 suspendisset,
1333 3693 1497 3757 Rogo,
1600 3661 1816 3726 plorare,
1827 3662 1951 3711 aber
1963 3660 2104 3710 mcht
2121 3676 2237 3711 zum
2253 3671 2477 3715 eantare.
2497 3660 2662 3711 Plaut.

434 3761 524 3811 des
549 3758 672 3809 mihi
694 3761 957 3810 surculum
994 3776 1058 3810 ex
1091 3760 1179 3810 illa
1201 3763 1408 3818 arbore,
1442 3768 1500 3811 ut

432 3827 672 3877 inseram.
759 3843 833 3878 ex
863 3830 966 3878 ista
998 3828 1186 3879 arbore
1242 3843 1342 3878 vou
1376 3829 1495 3878 dem

433 3891 775 3960 Galgenholz‚
824 3896 900 3946 als
934 3897 1082 3946 arbor
1115 3895 1294 3945 infelix
1324 3896 1498 3946 Liv.1

434 3960 526 4024 26,
552 3971 577 4012 6
609 3962 801 4011 infelici
823 3964 995 4014 arbori
1017 3973 1154 4013 reste
1176 3964 1496 4030 suspendite.
1602 3992 1731 4050 εἶτα
1757 3989 2012 4058 εἰπόντα
2040 3987 2324 4065 φυχαξαὶ·
2359 3989 2538 4051 πάλιν
2553 3989 2661 4064 γάρ

434 4028 941 4092 p.c.Rabir.4,1s.

501 4120 595 4160 279.
633 4121 846 4173 natm-a,
871 4111 905 4179 S
930 4114 1048 4166 251.
1598 4016 2377 4198 nsmfmgagzcim‘igdssgctgr
2401 4134 2527 4186 wies
2558 4147 2661 4183 von

506 4195 630 4256 quid
649 4197 834 4258 ploras
867 4205 963 4249 etc.
1015 4198 1109 4247 Die
1143 4197 1394 4250 situation
1427 4201 1497 4249 ist
1597 4197 2038 4267 Gerichtswegen
2054 4202 2171 4254 dem
2209 4200 2461 4252 Fremden
2512 4201 2661 4251 einen

1601 3729 1740 3779 Triu.
1765 3730 1813 3779 11
1835 3729 1887 3789 4,
1910 3736 1963 3779 94
1986 3728 2174 3779 mirum
2198 3729 2248 3778 ni
2272 3735 2328 3779 tu
2352 3728 2473 3779 illue
2496 3737 2664 3779 tecum

1602 3797 1806 3848 divitias
1828 3795 1983 3846 feras.

1669 3864 1796 3915 Cato
1812 3888 1882 3899 -—-·
1899 3862 2101 3913 ahnlich
2125 3864 2222 3914 wie
2212 3862 2499 3944 Diogenes
2521 3854 2664 3941 πρὸς

1599 3923 1701 3983 τὸν
1734 3922 2122 4010 ἐντινάξαντα
2155 3921 2311 3997 αὐτῷ
2342 3922 2452 4009 τὴν
2485 3922 2663 3983 δοκὸν
