2930 4693
878 194 976 259 DE
1006 193 1361 258 ORATORE
1392 193 1445 256 11
1484 195 1576 255 11.
1607 194 1854 255 42-46.
2356 198 2478 262 113

251 372 382 436 tur,
414 381 599 427 unum
628 365 954 435 infinitum,
988 363 1237 426 alterum
1270 371 1519 427 certum.
1583 363 1881 425 Infinitum
1911 361 2058 425 mihi
2088 361 2481 429 videbaturid
2511 370 2580 422 42

254 449 482 520 dicere,
531 451 594 510 in
636 466 753 530 quo
783 448 1005 530 aliquid
1035 450 1361 528 generatim
1393 456 1811 530 quaereretur,
1854 449 1968 509 hoc
1997 448 2201 509 modo:
2263 448 2476 529 ‘Expe-

252 534 507 596 tendane
551 540 707 596 esset
745 533 1116 614 eloquentia?
1169 534 1562 613 expetendine
1608 534 1867 595 honores
1878 534 1926 593 2⁹
1981 540 2207 594 eertum
2261 540 2475 604 autem,

252 620 312 680 in
343 637 460 699 quo
491 618 631 698 quid
662 620 724 678 in
754 620 1025 699 personis
1056 626 1117 679 et
1143 619 1206 678 in
1237 618 1554 681 constituta
1583 637 1652 678 re
1692 626 1751 679 et
1791 617 2030 679 definita
2059 624 2476 698 quaereretur:

253 702 583 764 cuiusmodi
611 712 779 770 sunt,
822 722 974 783 quae
1012 704 1073 763 in
1116 703 1247 764 foro
1275 710 1450 783 atque
1479 705 1544 763 in
1573 703 1785 764 civium
1816 704 2008 763 causis
2039 701 2475 782 disceptationi·
2675 776 2680 779 Α

251 787 480 867 busque
508 795 836 848 versantur.
895 788 979 848 Ea
1008 788 1155 848 mihi
1183 787 1456 848 videntur
1486 795 1586 849 aut
1614 789 1679 847 in
1708 787 1809 857 lite
1840 786 2063 847 oranda
2094 792 2193 848 aut
2232 787 2295 846 in
2337 804 2476 847 con·
2508 793 2576 845 43

250 871 380 932 silio
416 870 610 933 dando
641 890 770 933 esse
800 873 1008 951 posita.
1052 873 1202 934 Nam
1230 871 1374 933 illud
1404 873 1666 942 tertium,
1700 871 1855 951 quod
1891 878 1950 931 et
1978 889 2010 932 a
2030 871 2240 934 Crasso
2255 876 2478 931 tactum

251 962 340 1017 est
369 963 457 1032 et,
499 963 565 1017 ut
593 956 768 1018 audio
783 971 801 1026 ,·
841 956 941 1017 ille
970 958 1097 1038 ipse
1126 956 1500 1028 AristoteleS,
1543 958 1643 1036 qui
1673 957 1820 1017 haec
1851 957 2107 1017 maxime
2147 953 2475 1025 illustravit,

250 1040 532 1109 adiunxit,
565 1042 795 1102 etiamsi
823 1059 973 1120 opus
1003 1047 1117 1112 est,
1149 1042 1345 1102 minus
1374 1049 1462 1101 est
1491 1048 1692 1102 tamen
1721 1041 2141 1115 necessarium.

418 1124 747 1197 Quidnam?
799 1127 991 1205 inquit
1033 1121 1389 1196 CATULUS,
1434 1144 1512 1187 an
1552 1125 1954 1187 laudationes?
2014 1125 2075 1185 ld
2118 1125 2276 1202 enim
2307 1124 2476 1185 video

248 1211 391 1289 poni
420 1226 608 1288 genus
635 1212 895 1271 tertium.
1957 1224 1962 1229 ’
2239 1266 2250 1280 -.
2285 1261 2296 1277 ,

416 1294 530 1364 Ita,
562 1295 756 1373 inquit
781 1291 1183 1365 ANTONIUS,
1229 1302 1287 1355 et
1315 1294 1381 1355 in
1410 1311 1483 1356 eo
1510 1294 1748 1374 quidem
1780 1311 1999 1373 genere
2030 1294 2153 1355 seio
2186 1301 2244 1355 et
2263 1312 2368 1359 ,me
2399 1289 2552 1360 etll
2578 1301 2647 1351 44

250 1396 483 1447 omneS,
526 1380 629 1458 qui
670 1378 1012 1448 adfuerunt,
1063 1378 1383 1441 delectatos
1424 1397 1556 1442 esse
1583 1380 1997 1447 vehementer,
2047 1397 2179 1439 cum
2212 1395 2246 1438 a
2286 1384 2345 1439 te
2388 1385 2479 1438 est

249 1461 470 1542 Popilia
486 1509 501 1531 ‚
538 1473 729 1524 mater
758 1470 981 1533 vestra,
1012 1463 1277 1535 laudata,
1314 1466 1409 1524 cui
1438 1465 1700 1542 primum
1732 1462 1969 1524 mulieri
1997 1463 2157 1524 huno
2184 1464 2476 1524 honorem

248 1547 309 1607 in
340 1552 540 1608 nostra
573 1549 804 1608 civitate
832 1547 1120 1610 tributum
1148 1556 1313 1627 puto.
1376 1547 1496 1609 Sed
1539 1565 1660 1608 non
1690 1549 1917 1618 omnia,
1951 1565 2357 1627 quaecumque
2386 1546 2473 1607 lo·

248 1632 515 1710 quimur,
557 1632 704 1692 mihi
733 1632 1008 1694 videntur
1050 1632 1123 1693 ad
1165 1640 1353 1693 artem
1397 1640 1456 1693 et
1498 1631 1573 1692 ad
1614 1612 1933 1711 praecepta
1965 1649 2093 1691 esse
2125 1630 2473 1691 revocanda.
2564 1645 2571 1650 ·

250 1715 337 1777 Ex
378 1716 471 1776 his
511 1718 671 1777 enim
712 1716 1007 1787 fontibus,
1057 1716 1216 1777 unde
1258 1718 1456 1777 omnia
1498 1722 1846 1777 ornamenta
1878 1715 2114 1776 dicendi
2144 1722 2473 1785 sumuntur,
2505 1722 2574 1773 45

140 1864 153 1875 ‚
245 1798 446 1860 licebit
488 1801 666 1861 etiam
709 1799 1107 1862 laudationem
1147 1819 1364 1863 ornare
1405 1819 1598 1881 neque
1638 1799 1739 1861 illa
1780 1799 2071 1861 elementa
2115 1799 2473 1870 desiderare,

248 1902 398 1963 quae
427 1891 494 1945 ut
522 1902 699 1944 nemo
728 1884 940 1955 tradat,
974 1887 1105 1965 quis
1135 1893 1225 1946 est
1253 1886 1354 1965 qui
1385 1887 1627 1955 nesciat,
1659 1902 1810 1965 quae
1840 1886 1957 1946 sint
1984 1887 2046 1946 in
2077 1885 2319 1946 homine
2350 1884 2475 1946 lau-

245 1966 476 2029 danda?
547 1968 761 2031 Positis
815 1970 973 2030 enim
1016 1971 1100 2029 eis
1141 1969 1350 2039 rebus,
1410 1989 1558 2050 quas
1600 1971 1846 2031 Crassus
1885 1971 1949 2030 in
1991 1968 2149 2032 illius
2191 1970 2475 2049 orationis

244 2071 415 2123 suae,
449 2071 625 2133 quam
657 2060 863 2114 contra
894 2053 1180 2133 collegam
1223 2072 1436 2114 censor
1465 2054 1698 2133 habuit,
1742 2055 2037 2135 principio
2068 2054 2215 2117 dixit
2229 2056 2252 2116 i
2288 2054 2475 2126 ‘Quae

244 2144 453 2198 natura
485 2143 586 2197 aut
613 2136 851 2198 fortuna
882 2138 1165 2200 darentur
1194 2138 1561 2210 hominibuS,
1602 2141 1666 2200 in
1697 2139 1783 2198 eis
1813 2137 1991 2200 rebus
2020 2157 2083 2200 se
2114 2139 2270 2199 vinei
2296 2156 2473 2217 posse

245 2223 440 2283 animo
481 2240 669 2302 aequo
698 2224 850 2301 pati;
905 2242 1057 2303 quae
1101 2225 1217 2303 ipsi
1256 2223 1370 2284 sibi
1410 2224 1684 2285 homines
1712 2241 1926 2302 parare
1967 2229 2238 2302 possent,
2280 2223 2344 2283 in
2387 2223 2473 2282 eis

243 2305 424 2368 rebus
453 2324 516 2367 se
545 2308 669 2388 pati
699 2324 819 2368 non
847 2326 1021 2387 posse
1052 2309 1260 2379 vinci’‚
1312 2308 1415 2388 qui
1456 2307 1720 2370 laudabit
1757 2309 2095 2388 quempiam
2112 2356 2128 2380 ,
2168 2305 2473 2387 intelleget

245 2392 592 2470 exponenda
634 2391 748 2452 sibi
802 2411 931 2454 esse
973 2393 1246 2458 fortunae
1292 2393 1478 2462 bona;
1540 2411 1607 2454 ea
1660 2398 1799 2454 sunt
1838 2395 2105 2471 generis,
2165 2394 2469 2473 pecuniae,
2500 2397 2569 2450 46

242 2477 759 2555 propinquorum,-
776 2479 1132 2549 amicorum,
1164 2496 1373 2557 opum,
1405 2476 1785 2547 valetudiniS,
1817 2477 2073 2548 formae,
2104 2479 2316 2538 virium
2332 2525 2347 2547 ‚
2378 2479 2469 2537 in-

243 2562 402 2638 genii
445 2567 505 2620 et
546 2567 879 2630 ceterarum
921 2579 1156 2632 rerum,
1199 2580 1351 2641 quae
1392 2569 1532 2622 sunt
1565 2569 1666 2623 aut
1695 2562 1965 2640 corporis
1993 2568 2095 2622 aut
2123 2567 2468 2629 extraneam

241 2645 292 2704 si
321 2644 624 2714 habuerit,
667 2644 821 2704 bene
866 2645 1047 2706 rebus
1090 2647 1175 2706 eis
1216 2664 1418 2716 usum;
1467 2647 1667 2706 sinon
1695 2644 2001 2714 habuerit,
2044 2646 2343 2723 sapienter
2373 2663 2469 2706 ca-

239 2729 460 2798 ruisse;
516 2729 566 2788 si
607 2730 899 2800 amiserit,
944 2730 1249 2791 moderate
1293 2729 1528 2800 tulisse;
1589 2729 1832 2801 deinde,
1877 2730 2018 2810 quid
2059 2731 2358 2810 sapienter
2398 2731 2467 2800 is,

241 2832 419 2893 quem
449 2812 662 2883 laudet,
696 2814 836 2893 quid
866 2812 1210 2885 liberaliter,
1242 2814 1388 2895 quid
1418 2815 1669 2886 fortiter,
1702 2814 1843 2894 quid
1870 2817 2043 2884 iuste,
2070 2813 2211 2894 quid
2240 2814 2467 2893 magni-

239 2898 368 2969 fice,
396 2897 536 2978 quid
566 2899 682 2978 pie,
711 2898 853 2978 quid
882 2906 1066 2978 grate,
1093 2900 1233 2979 quid
1264 2900 1618 2971 humaniter,
1652 2900 1792 2980 quid
1823 2899 2078 2980 denique
2110 2918 2245 2960 cum
2274 2897 2468 2980 aliqua

306 3124 374 3169 43.
401 3119 455 3167 in
477 3119 566 3167 lite
590 3118 713 3168 oder
729 3132 886 3169 causa
903 3118 1097 3169 oranda
1116 3118 1224 3170 also
1244 3121 1299 3169 in
1400 3127 1545 3170 actae
1562 3117 1829 3184 honosque
1846 3118 2071 3182 additus,
2098 3128 2155 3169 ut
2174 3133 2345 3170 earum
2365 3120 2464 3170 sic-

239 3184 444 3233 iudiciis
465 3182 612 3247 (dem
629 3200 791 3251 genna
809 3185 1090 3250 iudiciale),
1109 3188 1165 3238 in
1181 3203 1301 3239 con·
1401 3193 1458 3237 ut
1479 3188 1708 3252 virorum
1719 3196 1838 3253 post
1856 3194 2067 3237 mortem
2088 3187 2334 3237 solemnis
2354 3187 2398 3235 la
2406 3203 2467 3237 u-

238 3253 355 3303 silio
377 3254 551 3304 dando
575 3252 627 3301 in
653 3253 890 3303 contione
911 3255 1033 3304 oder
1049 3256 1100 3303 in
1116 3262 1300 3305 senatu
1402 3255 1542 3305 datio
1563 3264 1718 3305 esset.
1752 3255 1897 3304 Denn
1917 3254 2000 3304 die
2021 3253 2150 3303 Sitte
2174 3254 2264 3303 der
2287 3253 2464 3304 lauda·

239 3320 383 3383 (dem
415 3333 580 3384 genus
616 3320 1045 3383 deliberativum).
1094 3328 1299 3386 tactum,
1401 3323 1566 3372 tiones
1600 3321 1840 3372 funebres
1864 3328 2177 3371 mortuorum
2209 3335 2314 3369 war
2347 3320 2467 3370 sehr

240 3388 261 3435 Ι
286 3384 367 3446 31,
389 3395 462 3436 141
488 3401 604 3437 esee
624 3388 777 3437 etiam
796 3401 960 3452 genus
978 3389 1180 3438 tertium
1201 3399 1298 3439 etc.
1403 3389 1474 3439 alt
1498 3389 1644 3439 Brut.
1677 3388 1761 3452 16,
1787 3397 1834 3438 61
1861 3387 1897 3437 f.

315 3462 372 3504 ut
392 3456 547 3506 audio
576 3480 648 3492 —·
678 3454 813 3504 deun
839 3455 923 3504 die
946 3454 1131 3520 philos·
1157 3455 1300 3520 (rhe-
1474 3465 1542 3505 45.
1567 3457 1777 3511 Positis,
1804 3456 1886 3509 bei
1908 3453 2175 3503 Annahme
2192 3453 2315 3504 oder
2332 3453 2460 3504 Auf-

238 3521 364 3587 tor.)
391 3521 646 3572 Schriften
680 3522 928 3587 gehorten
954 3521 1089 3571 nicht
1117 3539 1176 3572 zu
1205 3524 1297 3573 de-
1394 3524 1624 3588 stellung
1649 3524 1740 3573 der
1762 3520 2203 3586 Unterscheidung
2224 3521 2358 3571 Part.
2386 3536 2459 3571 or.

237 3603 336 3638 nen
352 3626 366 3646 ,
409 3589 599 3638 welche
621 3590 878 3640 Antonius
902 3589 1064 3640 selbst
1088 3590 1298 3656 gelesen
1400 3589 1485 3652 23,
1509 3598 1560 3640 ’18
1584 3604 1798 3655 quarum
1816 3588 2111 3654 (virtutum)
2130 3589 2305 3652 altera,
2332 3603 2463 3651 quae

238 3655 375 3705 hatte
398 3654 461 3722 (S
483 3654 596 3718 61).
1400 3658 1505 3707 sint
1545 3659 1596 3707 in
1634 3657 1941 3723 disputando
1977 3671 2095 3705 vera
2137 3663 2293 3719 atque
2331 3655 2463 3705 falsa

307 3723 388 3783 11,
413 3725 498 3774 44.
534 3726 757 3789 Popilia,
782 3725 914 3774 Einl.
940 3726 961 3773 1
987 3721 1019 3789 S
1049 3723 1129 3783 15,
1156 3733 1245 3775 1⁷4.
1403 3726 1693 3789 quibusque
1722 3725 1907 3790 positis
1932 3723 2054 3788 qnid
2078 3733 2336 3786 sequatur,
2376 3723 2460 3772 di-

305 3794 389 3841 em·
411 3794 627 3856 primum
659 3819 723 3829 —
756 3793 849 3842 mit
885 3792 1177 3842 Ausnahme
1212 3793 1302 3842 der
1402 3793 1618 3857 stinguit
1652 3802 1701 3842 et
1733 3793 1939 3841 indicat.
1974 3792 2042 3841 de
2078 3792 2180 3855 leg.
2208 3792 2254 3840 II
2281 3789 2371 3852 19,
2409 3799 2461 3840 48

237 3860 367 3922 τὸῐῐξ.
393 3860 617 3918 Franem
643 3860 726 3909 die
749 3860 894 3910 ihren
920 3860 1299 3912 Goldschmuek
1403 3859 1501 3910 hoe
1522 3860 1689 3926 posito
1714 3860 1819 3909 und
1843 3857 2008 3924 gleieh
2031 3858 2216 3908 darauf
2233 3857 2329 3907 hoe
2354 3872 2458 3907 uno

237 3925 556 3991 hei-gegeben
580 3926 769 3986 hatten,
791 3928 949 3977 damit
967 3929 1065 3978 den
1078 3926 1298 3978 Galliern
1399 3930 1584 3994 posito,

234 3991 399 4058 (ohne
423 3995 545 4045 dass
570 4009 688 4044 man
723 3994 831 4043 sich
857 4010 937 4043 am
964 3994 1296 4061 Tempelgold
1464 4010 1673 4052 censor,
1709 3994 1841 4044 Einl.
1865 3995 1889 4043 Ι
1913 3990 1945 4060 S
1975 3991 2060 4056 10,
2095 4002 2164 4043 97.
2213 3992 2457 4055 fortunae

238 4076 304 4110 zu
327 4062 614 4126 vergreifen
638 4061 900 4123 brauchte)
934 4063 1017 4112 die
1042 4073 1296 4128 vertrags-
1395 4063 1530 4116 bona
1547 4098 1560 4124 ,
1587 4059 1619 4129 S
1643 4061 1763 4112 342.

236 4128 463 4193 missige
498 4129 709 4180 Summe
752 4129 1053 4193 ausgezahlt
1085 4131 1291 4181 werden
1390 4177 1397 4180 .
1460 4139 1528 4180 46.
1567 4131 1752 4180 deinde
1785 4155 1850 4165 —
1883 4143 1988 4179 was
2024 4128 2106 4179 die
2140 4127 2451 4179 selbeter·

234 4197 444 4247 konnte.
479 4197 594 4251 Liv.
612 4197 659 4246 V
677 4195 762 4260 50,
781 4206 806 4245 7
829 4199 1074 4248 matronis
1098 4200 1290 4263 gratiae
1391 4212 1481 4248 wo
1493 4199 1558 4247 rb
1573 4212 1644 4247 en
1660 4212 1730 4247 en
1755 4197 1995 4263 Vorziige
2020 4196 2225 4247 betrifft.
