2930 4693
1006 187 1484 247 ERKLARENDE
1514 199 1818 248 INDICES.

286 351 533 403 Glaucias
558 354 605 402 ΙΙ
628 350 714 412 65,
746 361 850 415 288,
884 353 1035 404 theils
1063 369 1149 404 um
1174 353 1258 404 die
1279 356 1363 405 in-

287 420 433 470 vidie
457 421 549 471 des
572 420 734 471 Volks
758 435 923 487 gegen
948 421 1015 472 M.
1044 437 1107 471 zu
1133 436 1363 487 erregen‚

288 488 445 538 theils
471 502 557 537 um
582 488 665 537 die
687 487 943 538 vielleicht
964 488 1230 554 geriihmte
1248 490 1365 539 Ein-

288 554 523 605 fachheit
547 555 815 606 desselben
843 557 1020 620 Liigen
1049 572 1115 605 su
1143 556 1365 607 straten:

290 622 308 649 ‘
326 638 431 672 wer
471 621 582 672 sich
625 624 951 689 iiberzeugen
983 624 1115 684 will,
1158 626 1256 673 wie
1295 625 1368 674 du

287 691 451 751 lebet,
498 690 590 740 der
631 705 774 740 muss
811 690 940 740 nach
971 691 1129 741 Tibur
1173 690 1365 757 gehen3

287 759 420 807 aber
439 758 508 807 du
533 756 648 807 hast
675 758 859 823 kluger
875 759 1052 808 Weise
1074 758 1197 808 Lan
1214 759 1368 824 dgut

287 840 348 874 u.
376 824 541 875 Stall
559 839 684 890 ung
705 835 964 890 getrennt:
1002 825 1085 875 die
1110 826 1229 876 villa
1253 826 1369 876 hast

289 893 367 941 du
391 893 445 941 in
468 892 652 955 Tibur,
688 893 785 942 den
815 893 921 943 Hof
947 893 1041 943 auf
1068 893 1184 943 dem
1216 893 1368 942 Pala-

285 961 393 1008 tin’
419 957 480 1024 (S
495 956 641 1020 276).
678 959 918 1010 Saturnin
942 959 1115 1013 rt‘ichte
1139 959 1251 1018 sich
1273 962 1364 1010 be-

287 1026 560 1076 kanntlich
584 1026 748 1088 daffir,
775 1028 894 1077 dass
920 1043 975 1077 er
993 1026 1223 1077 Metellus
1234 1028 1365 1076 Ver-

288 1095 541 1158 bannung
563 1094 805 1144 bewirkte
830 1093 978 1160 (100)
1016 1099 1150 1144 ‘cum
1175 1097 1226 1144 in
1254 1108 1366 1144 eam

289 1161 505 1225 legem,⁷
525 1176 677 1224 quam
711 1176 814 1211 non
847 1163 957 1211 iure
980 1172 1208 1228 rogatam
1232 1163 1367 1212 iudi-

290 1235 451 1290 carat,
477 1230 645 1277 iurare
668 1243 802 1279 uuus
826 1230 1105 1280 noluisset'
1131 1227 1206 1295 (p.
1232 1229 1367 1280 Sest.

295 1295 383 1359 16,
398 1304 474 1354 37;
498 1295 587 1358 47,
607 1295 729 1362 tot).
765 1295 907 1345 Doch
931 1297 1106 1347 wurde
1129 1312 1186 1346 er
1207 1296 1369 1353 schon

287 1364 363 1412 im
385 1362 659 1425 folgenden
683 1363 838 1413 Jahre
862 1363 994 1414 uach
1018 1364 1289 1414 Saturnius
1317 1380 1367 1414 ιι.
1408 1378 1412 1381 ’

291 1430 536 1481 Glaucias
570 1429 722 1480 Sturz
769 1431 1190 1497 zuriickgerufen.
1250 1432 1371 1481 Hier

289 1512 403 1547 war
426 1511 499 1553 es,
526 1511 605 1546 wo
630 1499 741 1547 sein
769 1498 934 1549 Sohn:

367 1564 436 1630 Q.
468 1562 753 1616 Caecilius
778 1564 1047 1617 Metellus
1073 1564 1212 1616 Pius
1238 1563 1370 1616 1140

292 1640 371 1682 167
406 1632 550 1682 seine
572 1633 738 1688 Treue
769 1632 880 1682 und
900 1633 1058 1683 Liebe
1084 1647 1201 1683 zum
1214 1633 1370 1682 Vater

292 1714 355 1749 so
375 1700 635 1765 gdfinzend
661 1699 942 1762 bewfihrte,
991 1700 1111 1750 dass
1148 1716 1204 1749 er
1235 1699 1369 1764 (und

291 1782 399 1817 von
424 1766 529 1815 ihm
554 1768 697 1817 scine
720 1767 1126 1832 Nachkommen)
1152 1768 1250 1816 deu
1278 1766 1371 1816 eh·-

290 1834 491 1883 renden
527 1833 802 1884 Beinamen
847 1835 968 1885 Pius
1014 1834 1193 1884 erhielt
1240 1839 1370 1884 ‘tam

292 1901 465 1951 clarus
483 1902 722 1964 lacrimis,
740 1916 895 1966 quam
912 1903 997 1951 elii
1013 1899 1278 1952 victoriis.’
1305 1902 1375 1951 Er

290 1968 654 2019 verschmahte
679 1984 734 2019 es
759 1970 918 2031 nicht,
942 1970 1044 2019 den
1066 1970 1253 2020 Tribun
1270 1970 1374 2019 Fu-

291 2037 407 2086 rius
432 2036 691 2102 fussffillig
727 2036 812 2087 ffir
849 2038 1026 2087 seinen
1059 2038 1373 2087 verbannten

292 2104 458 2153 Vater
490 2119 553 2153 zu
587 2104 771 2163 bitten3
817 2105 926 2154 und
968 2104 1046 2154 als
1084 2103 1173 2153 ihu
1207 2105 1375 2154 dieser

294 2169 593 2236 hartherzig
619 2172 993 2232 zurt'ickstiess,
1037 2171 1260 2221 forderte
1280 2171 1374 2222 das

294 2239 518 2288 dariiber
553 2241 783 2303 emporte
805 2239 937 2288 Volk
971 2238 1131 2289 selbst
1163 2238 1247 2288 die
1270 2239 1370 2288 Zu-

293 2304 617 2372 rt‘tckrufung
647 2305 1007 2371 desMetellus
1048 2307 1157 2357 und
1186 2306 1371 2356 wfihlte

293 2374 389 2424 ihn
413 2388 567 2439 sogar
584 2389 701 2424 zum
727 2372 937 2424 Consul.
952 2400 1017 2411 —
1039 2374 1135 2424 Die
1157 2373 1371 2423 Pracht-

294 2442 435 2492 liebe
457 2441 730 2507 iibrigens,
766 2442 857 2492 der
890 2441 1051 2491 sehon
1079 2442 1188 2491 sein
1212 2441 1371 2490 Vater

296 2508 444 2558 nieht
479 2523 616 2573 ganz
649 2508 760 2558 feru
793 2509 1061 2574 geblieben
1095 2523 1225 2570 war,
1271 2517 1372 2558 tret

294 2577 384 2626 bei
408 2576 526 2625 dem
551 2574 719 2638 Sohn,
757 2576 872 2626 dem
897 2576 1129 2627 Metellus
1152 2576 1293 2635 Pius,
1317 2577 1372 2625 in

295 2645 385 2694 bei
409 2643 605 2692 weitem
624 2645 1038 2708 gesteigerterem
1063 2645 1230 2693 Masse
1254 2643 1369 2692 her-

294 2725 395 2761 νοι-
419 2711 612 2773 (Valer.
639 2712 775 2761 Max.
803 2711 876 2761 IX
901 2709 948 2772 1,
974 2709 1049 2777 5).

366 2777 730 2828 Metrodorus
757 2780 774 2827 l
804 2778 865 2827 11
881 2819 895 2839 ,
918 2787 972 2827 45
1007 2792 1100 2828 aus
1122 2777 1375 2828 Stratoni·

296 2860 393 2896 cea
421 2846 474 2895 in
500 2845 707 2904 Garien,
744 2860 844 2895 von
869 2847 984 2896 dem
1012 2845 1116 2895 Cic.
1141 2845 1300 2895 Acad.
1329 2845 1375 2894 ΙΙ

295 2913 354 2976 6,
384 2921 435 2964 16
458 2923 600 2978 sag-tt
624 2915 755 2963 bene
778 2922 949 2962 autem
977 2926 1131 2963 nosse
1158 2912 1376 2963 Carma-

297 2982 420 3032 dem
445 2980 791 3030 Stratoniceus
816 2981 1134 3031 Metrodorus
1159 2981 1378 3046 putaba-

294 3059 400 3103 tur.
428 3048 538 3098 also
562 3061 661 3097 von
689 3048 835 3097 dem=
1340 3069 1352 3076 -

369 3114 735 3166 Metrodorus
753 3114 1019 3181 Scepsius
1046 3128 1139 3164 aus
1160 3114 1375 3178 Skepsis

297 3185 354 3233 in
381 3182 578 3248 Myslen
603 3184 696 3244 (111
721 3181 804 3244 20,
829 3182 924 3247 75).
962 3184 1061 3231 den
1082 3181 1299 3232 Crassus
1320 3183 1376 3230 in

298 3252 465 3301 Asien
488 3249 649 3311 horte,
677 3249 1027 3299 verschieden.
1071 3249 1252 3298 Dieser
1273 3263 1378 3297 war

299 3317 691 3368 ahademischer
713 3316 991 3381 Philosoph
1023 3332 1079 3366 u.
1104 3316 1295 3365 Rhetor
1319 3331 1375 3368 u.

300 3384 465 3435 durch
518 3386 631 3434 sein
666 3399 901 3434 enormes
936 3383 1245 3434 Gediichtnis
1290 3383 1379 3433 be-

296 3452 476 3502 riihmt
506 3451 662 3509 11‘88,
686 3459 789 3509 860;
822 3451 916 3509 90,
941 3460 1033 3501 365.
1092 3451 1223 3502 Plin.
1247 3449 1297 3500 h.
1324 3465 1376 3500 n.

297 3520 401 3570 VII
423 3519 508 3580 24,
532 3528 583 3569 89
618 3534 700 3569 ars
732 3528 987 3584 postremo
1014 3519 1126 3568 eius
1160 3519 1234 3567 rei
1268 3517 1380 3581 (die

299 3584 628 3652 Mnemonik)
661 3586 795 3636 fecta
829 3596 878 3635 et
909 3587 1117 3636 invente
1140 3593 1219 3635 est
1241 3599 1272 3633 a
1296 3584 1382 3634 Si-

301 3655 512 3704 monide
536 3654 736 3712 melico,
763 3661 1112 3704 consummata
1135 3667 1167 3702 a
1191 3653 1382 3701 Metro-

303 3723 433 3772 doro
443 3721 679 3786 Scepsio,
704 3730 762 3770 ut
784 3722 912 3771 nihil
932 3736 1034 3772 non
1057 3721 1245 3770 eisdem
1268 3732 1382 3770 ver·-

297 3791 383 3840 In’s
404 3791 713 3840 redderetur
735 3790 976 3839 auditum.

372 3853 538 3906 mimi
563 3858 609 3905 11
634 3855 717 3918 59,
741 3864 836 3905 242.
873 3854 1040 3906 Sowol
1059 3852 1380 3920 die'griechi-

301 3923 465 3974 schen
491 3924 695 3983 Mimen,
722 3924 806 3973 die
825 3937 920 3972 aus
945 3922 1150 3973 Sicilien
1169 3930 1379 3971 stamm-

301 4002 411 4053 ten‚
436 3990 514 4041 als
537 3990 669 4043 auch
693 3990 776 4040 die
792 3989 1099 4051 romischen,
1124 3990 1241 4039 sind
1268 3989 1381 4039 dra-

301 4057 558 4109 matische
589 4058 811 4117 Possen,
847 4057 1379 4121 Darstellungen·uie·
1426 4056 1432 4064 '

304 4124 712 4190 drigkomisc-her
723 4125 919 4176 Sceneu
933 4122 1381 4175 oderPersonlich·

304 4193 479 4243 keiten
503 4208 599 4244 aus
622 4193 741 4243 dem
764 4194 1032 4258 gemeinen
1051 4191 1381 4253 Volkslebeu,

2413 193 2537 256 355

1465 354 1561 405 auf
1588 355 1670 405 die
1706 353 1947 406 Lachlust
1979 356 2074 407 des
2114 356 2408 408 Publicums
2442 358 2538 408 be-

1465 421 1692 485 rechnet,
1715 422 1940 473 weshalb
1954 424 2038 474 die
2051 423 2424 490 Schauspieler,
2452 425 2536 475 die

1468 490 1545 539 als
1569 490 1756 539 Mimen
1780 490 2028 541 austraten
2047 507 2100 541 u.
2126 491 2536 554 inihrerPerson

1468 558 1783 616 bestimmte,
1834 559 2206 624 volksmfissige
2234 558 2539 610 Charaktere

1470 624 1766 674 darstellten
1803 616 2129 692 (ἠθολόγοι,
2154 618 2456 692 ἤθοποιοί,
2481 627 2536 675 in

1471 692 1656 753 quibus
1679 692 2033 743 describuntur
2041 693 2304 743 hominum
2321 693 2537 757 mores),

1469 759 1640 808 weder
1673 759 1757 809 die
1802 760 2039 810 derbsten
2073 761 2393 827 Vblkspfisse
2430 761 2539 811 und

1471 825 1830 894 Obscouitfiten
1868 827 2000 877 noch
2027 828 2111 878 die
2133 827 2540 894 spasshaftesten

1470 894 1883 946 karriffierenden
1929 894 2540 961 Gesichtsverzerrungen

1468 960 1877 1013 verschmdhten.
1912 962 2142 1013 Diomed.
2166 961 2333 1029 p.487
2358 963 2414 1012 P.
2439 964 2539 1011 mi-

1472 1043 1586 1078 mus
1613 1055 1678 1066 -—
1702 1030 1926 1079 imitatur
1949 1030 2084 1080 dicta
2113 1030 2247 1079 facta
2269 1044 2543 1092 moresque

1469 1095 1734 1146 bominum
1761 1106 1810 1145 et
1835 1105 2041 1147 naturas
2065 1111 2182 1146 cum
2206 1097 2437 1147 lascivia.

1471 1230 1520 1278 d·
1538 1161 1830 1213 Minervae
1855 1161 2083 1232 siguum
2107 1164 2260 1226 1117,
2285 1173 2336 1214 ’13
2360 1179 2403 1214 s.
2417 1163 2540 1213 Phi-

1509 1244 1601 1279 nas.

1538 1295 1823 1348 Misenum
1858 1295 1976 1362 (ad)
2011 1300 2056 1347 11
2094 1298 2184 1359 14,
2219 1308 2270 1349 60
2302 1300 2387 1349 die
2409 1297 2544 1349 Villa

1471 1364 1563 1415 des
1606 1367 1866 1414 Antonius
1919 1366 2003 1416 bei
2042 1366 2292 1415 Misenum
2343 1381 2410 1416 an
2452 1366 2543 1416 der

1470 1433 1627 1481 Kiiste
1644 1447 1743 1482 von
1758 1432 1899 1495 Baja'i,
1920 1433 2004 1481 die
2021 1432 2241 1482 bernach
2260 1433 2392 1482 auch
2414 1432 2541 1483 noch

1471 1500 1582 1549 sein
1612 1500 1788 1554 Eukel.
1814 1500 1905 1548 der
1927 1501 2197 1561 Triumvir,
2221 1502 2420 1550 besass.

1539 1564 1882 1617 Mnemonik.
1933 1567 2103 1626 Quint.
2141 1567 2216 1617 XI
2241 1569 2297 1625 2,
2324 1576 2374 1616 18
2406 1567 2543 1616 Loca

1472 1634 1676 1684 discunt
1699 1648 1848 1695 quem
1874 1634 2097 1684 maxime
2120 1636 2362 1698 spatiosa,
2385 1634 2547 1684 multa

1473 1702 1715 1750 varietate
1753 1702 1979 1767 signata,
2014 1703 2223 1751 domum
2265 1701 2395 1750 sorte
2429 1715 2542 1749 ma·

1473 1782 1627 1832 gnam
1655 1778 1703 1817 et
1727 1769 1780 1817 in
1806 1770 1992 1818 multos
2006 1769 2265 1818 diductam
2286 1783 2541 1818 recessus.

1477 1838 1534 1885 ln
1559 1849 1618 1885 eo
1645 1835 1893 1897 quidquid
1926 1836 2147 1885 notabile
2172 1846 2250 1885 est
2273 1837 2437 1886 am‘nw
2462 1837 2543 1885 dt·-

1473 1906 1691 1969 ltyenter
1712 1904 1943 1969 affigitur
1976 1903 2097 1967 (loci
2121 1905 2411 1969 capiuntur,
2448 1904 2546 1952 wie

1477 1986 1533 2020 es
1558 1970 1641 2021 bei
1656 1970 1757 2020 Cic.
1785 1968 1990 2032 heisst)‚
2016 1980 2072 2020 ut
2095 1971 2206 2020 sine
2225 1970 2545 2022 cunctatione

1477 2053 1537 2087 ac
1558 2049 1702 2087 mora
1738 2048 1911 2104 partes
1947 2039 2057 2088 eius
2094 2052 2270 2087 omnes
2305 2038 2546 2102 cogitatio

1474 2107 1642 2171 possit
1663 2120 1976 2170 percurrere.
2002 2128 2072 2140 -·
2109 2106 2237 2155 Tum
2264 2120 2395 2168 quae
2418 2105 2546 2155 scri-

1473 2180 1688 2239 pserunt
1705 2172 1786 2221 vel
1803 2172 2110 2236 cogitatione
2121 2173 2547 2237 complectuntur,

1477 2249 1527 2289 et
1548 2242 1710 2304 signo,
1738 2254 1836 2304 quo
1858 2246 2157 2290 moneantur
2174 2245 2355 2290 notant
2377 2238 2548 2298 (effin-

1426 2336 1434 2344 ·
1473 2315 1601 2372 gunt
1625 2307 1797 2369 animo
1825 2307 1905 2356 bei
1919 2305 2071 2371 Cim),
2097 2306 2235 2370 quod
2255 2320 2368 2356 esse
2379 2305 2458 2356 vel
2480 2319 2550 2355 ex

1472 2383 1578 2424 tots.
1596 2389 1657 2423 re
1679 2381 1862 2440 potest,
1890 2382 1946 2423 ut
1968 2374 2032 2423 de
2058 2375 2397 2439 navigatione,
2415 2373 2549 2422 mili-

1471 2443 1560 2501 tia,
1584 2441 1669 2491 vel
1694 2456 1759 2490 ex
1781 2442 1937 2491 verbo
1962 2441 2150 2504 aliquo.
2177 2467 2242 2478 —
2276 2440 2352 2491 Sit
2375 2448 2549 2494 autem

1474 2509 1679 2574 signum
1706 2509 2045 2573 navigationis
2077 2518 2134 2558 ut
2168 2522 2381 2581 aecor*
2416 2507 2552 2557 mili-

1473 2577 1577 2626 tiae
1601 2585 1658 2625 ut
1680 2577 1873 2637 aliquid
1897 2586 1964 2626 ex
1984 2577 2185 2628 armis.··
2214 2576 2347 2624 Haec
2369 2576 2442 2624 ita
2466 2574 2549 2624 di-

1475 2653 1686 2708 ger-unt:
1724 2642 1949 2693 Primum
1971 2657 2170 2694 sensum
2212 2640 2549 2706 (Gedanken-

1476 2711 1606 2774 bild)
1651 2709 1902 2760 vestibulo
1938 2710 2085 2773 quasi
2121 2711 2418 2774 assignant,
2463 2723 2547 2758 se-

1476 2779 1697 2828 cundum
1723 2779 1878 2838 atrio,
1915 2787 2023 2827 tum
2057 2776 2304 2842 impluvia
2328 2778 2547 2826 circum-

1479 2854 1629 2904 eunt,
1666 2858 1759 2895 nec
1783 2845 2029 2895 cubiculis
2053 2846 2209 2895 modo
2232 2855 2322 2894 aut
2344 2844 2550 2894 exedris

1478 2912 1573 2962 sed
1595 2913 1778 2963 statuis
1803 2914 1955 2961 etiam
1979 2913 2335 2976 similibusque
2354 2927 2456 2976 per
2466 2927 2549 2962 or·

1478 2982 1644 3030 dinem
1667 2982 1989 3030 committunt.
2042 2981 2150 3029 Hoc
2173 2979 2306 3029 facto
2332 2993 2449 3028 cum
2474 2986 2552 3028 est

1478 3048 1755 3114 repetenda
1765 3051 2024 3108 memoria,
2048 3048 2297 3111 incipiunt
2316 3047 2379 3096 ab
2404 3045 2549 3096 initio

1479 3116 1592 3167 loca
1624 3115 1750 3164 haec
1782 3129 2075 3173 recensere,
2114 3122 2164 3163 et
2196 3114 2334 3175 quod
2367 3114 2551 3175 cuique

1480 3182 1802 3231 crediderunt
1823 3188 2116 3247 reposcunt,
2140 3187 2199 3229 ut
2222 3194 2396 3229 eorum
2419 3181 2549 3228 ima·

1478 3250 1598 3314 gine
1615 3249 1969 3299 admonentur.
2008 3249 2082 3297 Ita
2101 3247 2377 3308 quamlibet
2395 3246 2553 3295 multa

1479 3317 1608 3377 sint,
1674 3329 1888 3378 quorum
1947 3314 2245 3363 meminisse
2301 3319 2549 3377 oporteat,

1480 3382 1609 3432 finnt
1625 3382 1829 3447 singule
1847 3395 1981 3431 nexa
2000 3383 2149 3430 etiam
2163 3380 2383 3442 quodam
2392 3379 2552 3436 corio,

1481 3465 1577 3499 uec
1601 3457 1768 3498 errant
1791 3450 2157 3512 coniungentes
2192 3446 2446 3513 prioribus
2471 3460 2554 3495 se·

1483 3518 1687 3582 quentia
1710 3516 1821 3566 solo
1859 3516 2121 3565 ediscendi
2156 3515 2370 3578 labore„
2404 3512 2554 3574 Quod

1484 3585 1550 3635 de
1572 3585 1724 3634 domo
1749 3584 1887 3645 dixi,
1913 3592 1963 3632 et
1986 3584 2036 3632 in
2064 3582 2306 3648 operibus
2330 3580 2553 3647 publicis

1485 3662 1535 3701 et
1559 3652 1612 3701 iu
1635 3652 1817 3701 itinere
1850 3650 2003 3715 longo
2032 3657 2100 3698 et·
2126 3650 2323 3699 urbium
2358 3648 2556 3697 ambitu

1485 3730 1537 3769 et
1557 3720 1770 3784 picturis
1794 3718 1904 3767 fleri
1927 3724 2114 3782 potest.
2171 3716 2336 3765 Etiam
2359 3714 2554 3779 fingere

1484 3787 1584 3837 sibi
1607 3787 1701 3836 kas
1723 3786 1973 3850 imagines
1999 3784 2132 3834 licet.
2172 3783 2311 3848 Opus
2327 3789 2407 3832 est
2429 3796 2555 3846 erqo

1482 3855 1624 3914 loci-³,
1650 3868 1780 3918 quae
1801 3856 1882 3903 vel
1895 3855 2158 3917 linquatur
2178 3853 2259 3900 vel
2278 3856 2555 3909 sumuntur,

1482 3921 1780 3985 imayim‘bus
1800 3923 1884 3971 vel
1901 3920 2203 3980 simulacris,
2229 3931 2358 3984 quae
2381 3919 2556 3982 utique

1478 3989 1722 4052 finqenda
1752 3994 1885 4037 sunt.
1948 3987 2200 4051 Imagines
2237 3992 2383 4033 notae
2416 3994 2552 4045 sunt,

1486 4056 1667 4119 quibus
1704 4069 1764 4104 ea
1800 4068 1932 4116 quae
1966 4052 2241 4102 ediscenda
2263 4060 2385 4100 suut
2408 4059 2555 4100 nota-

1484 4137 1626 4181 mus,
1661 4131 1742 4185 ut,
1772 4122 2025 4185 quomodo
2053 4121 2226 4172 Cicero
2252 4118 2388 4178 dicit,
2432 4117 2557 4168 locis

1483 4204 1577 4256 pro
1610 4204 1727 4239 cera
1772 4188 2058 4240 simulacris
2092 4202 2184 4252 pro
2228 4187 2408 4237 litteris
2442 4196 2561 4235 uta·
