2930 4693
486 234 568 295 1o
1172 226 1271 290 DE
1302 194 1714 291 οιιΑΤὸιιΕι
1745 231 1802 292 4.
1840 237 1918 290 ιε.
1952 236 2035 288 14.

486 416 762 460 sermone
791 404 1083 468 versatur,
1129 404 1192 458 ut
1230 399 1292 458 in
1335 399 1551 459 ceteris
1592 399 1652 458 id
1683 400 1939 461 maxime
1971 396 2251 467 excellat,
2298 396 2457 477 quod
2498 396 2752 475 longis-

487 485 636 545 sime
676 484 752 545 sit
792 482 865 545 ab
904 484 1314 563 imperitorum
1362 482 1767 562 intellegentia
1810 501 2104 562 sensuque
2136 483 2494 551 diiunctum,
2539 483 2612 542 in
2649 480 2751 543 di-

489 568 678 635 cendo
718 576 914 630 autem
956 569 1162 629 vitium
1206 567 1300 628 vel
1340 568 1664 633 maximum
1704 570 1807 640 sit,
1855 587 1890 630 a
1929 567 2157 646 vulgari
2186 585 2407 646 genere
2438 567 2751 629 orationis

312 650 357 722 4
388 659 452 712 13
490 660 664 733 atque
707 671 740 714 a
784 652 1210 719 consuetudine
1254 655 1587 716 communis
1640 671 1849 715 sensus
1901 651 2247 729 abhorrere.
2331 652 2416 715 Ac
2457 669 2534 715 ne
2573 650 2751 715 illud

487 738 723 818 quidem
763 757 903 801 vere
945 739 1062 798 dici
1100 745 1322 817 potest,
1384 745 1485 799 aut
1523 736 1726 817 plures
1768 739 1983 800 ceteris
2023 738 2318 799 inservire
2354 744 2456 799 aut
2495 737 2752 803 maiore

484 822 873 889 delectatione
928 830 1029 884 aut
1073 841 1179 902 spe
1219 822 1498 884 uberiore
1542 840 1610 885 ac
1650 824 1931 902 praemiis
1975 822 2050 887 ad
2089 821 2549 902 perdiscendum
2596 839 2749 887 am-

481 907 773 988 plioribus
800 908 1179 973 commoveri.
1239 907 1507 986 Namque
1537 914 1603 973 ut
1631 909 1899 973 omittam
1930 908 2240 973 Graeciam
2252 946 2276 978 ,·
2300 924 2451 987 quae
2480 923 2750 985 semper

484 992 856 1073 eloquentiae
884 994 1166 1072 princeps
1208 1010 1337 1059 esse
1367 991 1577 1063 voluit,
1623 999 1798 1074 atque
1837 992 1970 1057 illas
2011 993 2278 1055 omnium
2310 991 2747 1057 doctrinarum

481 1079 843 1141 inventrices
876 1079 1163 1147 Athenas,
1207 1078 1271 1139 in
1301 1076 1514 1156 quibus
1544 1095 1775 1141 summa
1805 1076 2043 1139 dicendi
2070 1079 2157 1139 vis
2186 1084 2245 1137 et
2273 1078 2510 1141 inventa
2539 1084 2646 1135 est
2680 1085 2749 1137 et

485 1162 751 1242 perfecta
770 1208 785 1234 ,
830 1163 892 1227 in
921 1162 1032 1223 hac
1078 1162 1203 1241 ipsa
1236 1162 1465 1223 civitate
1495 1162 1767 1242 profecto
1797 1161 1957 1227 nulla
1985 1180 2266 1242 umquam
2308 1161 2748 1225 vehementius

488 1449 686 1513 bewegt
741 1447 853 1499 sich
911 1449 981 1500 im
1035 1450 1208 1500 Kreiss
1274 1449 1548 1515 allgemein

484 1516 854 1573 menschlieher
900 1517 1028 1568 Sitte
1061 1518 1170 1568 und
1217 1517 1544 1569 Ausdrucks-

485 1585 653 1646 weiss,
676 1585 1157 1636 socialenVerkehrs
1178 1584 1546 1652 u.Gesprzichs-

488 1663 618 1702 tons,
692 1654 756 1702 de
793 1654 879 1704 off.
918 1656 962 1703 Il
1002 1653 1088 1714 10,
1125 1662 1176 1704 35
1208 1653 1549 1720 Popularibus

487 1721 623 1770 enim
655 1722 822 1772 verbis
858 1730 936 1773 est
967 1721 1220 1786 agendum
1249 1733 1297 1773 et
1329 1724 1550 1782 usitatis,

485 1803 604 1838 cum
637 1788 894 1851 loquimur
927 1790 991 1839 de
1026 1790 1270 1855 opinione
1293 1790 1552 1856 populari.

552 1876 606 1922 in
629 1875 816 1924 ceteris
839 1875 1132 1933 sc.artibu3‚
1149 1874 1247 1922 wie
1266 1890 1311 1928 ι.
1326 1874 1379 1924 Β.
1393 1876 1444 1924 iu
1461 1875 1552 1924 der

410 1986 418 1999 .,
484 1939 832 2006 Philosophie.
856 1942 1014 1994 Acad.
1027 1941 1263 2008 post.17,
1282 1950 1335 1991 25
1358 1942 1550 1992 dialec-

483 2009 698 2058 ticorum
710 2022 830 2058 vero
839 2010 997 2059 verba
1020 2008 1160 2059 nulla
1177 2019 1299 2059 sunt
1316 2010 1549 2074 publica;

486 2076 597 2125 suis
622 2083 862 2135 utuntur3
900 2084 950 2126 et
971 2077 1025 2127 id
1049 2077 1253 2141 quidem
1280 2091 1553 2127 commune

486 2144 713 2193 omnium
733 2143 842 2194 fere
864 2152 944 2194 est
963 2146 1167 2196 artium.

553 2228 617 2279 ab
642 2230 987 2293 imperitorum
1009 2231 1353 2295 intelleyenez‘a
1375 2245 1554 2280 sensu-

487 2312 583 2363 que
608 2323 672 2332 —
700 2298 839 2348 ‘vom
863 2297 1247 2363 gewbhnlichen
1272 2298 1550 2350 Laienver-

485 2365 758 2416 stiindnis)

553 2434 737 2484 vitium.
777 2432 860 2484 Or.
885 2431 943 2496 9,
969 2443 1020 2485 30
1045 2435 1195 2500 Ipsae
1218 2434 1337 2484 illae
1359 2435 1554 2484 contio-

485 2516 578 2551 nes
604 2500 679 2567 (ἰιι
699 2502 1023 2568 Thucydides
1049 2500 1550 2569 Geschiehtswerke)

486 2570 557 2620 ita
571 2571 756 2620 multas
779 2569 965 2621 habent
979 2572 1224 2621 obscuras
1248 2572 1554 2632 abditasque

486 2640 781 2701 sententias,
808 2639 900 2688 vix
928 2647 982 2689 ut
1003 2639 1388 2705 intellegantur3
1417 2639 1558 2701 quod

486 2714 564 2755 est
595 2707 646 2757 in
684 2707 908 2756 oratione
943 2707 1081 2757 civili
1120 2709 1302 2758 vitium
1332 2708 1412 2757 vel
1444 2721 1556 2757 ma-

483 2775 700 2823 ximum.
743 2774 855 2838 Vgl.
881 2777 926 2824 ΙΙ
951 2773 1041 2837 38,
1073 2784 1163 2825 159.

553 2858 587 2891 a
609 2843 807 2906 vulgari
823 2857 1013 2907 qenere
1037 2845 1304 2905 orationis,
1327 2845 1443 2893 ‘von
1464 2844 1556 2892 der

483 2908 868 2974 gewiihnlicheu
937 2911 1395 2961 Ausdrueksweise
1462 2911 1555 2961 der

486 2976 903 3043 Volkssprache:
957 2978 1128 3037 Quint.
1166 2979 1213 3028 11
1257 2976 1345 3040 16,
1386 2987 1436 3028 19
1485 2993 1550 3029 ex

487 3046 748 3095 communi
771 3045 1031 3096 intellectu
1052 3047 1324 3108 verbisque
1363 3047 1549 3109 quibus

485 3120 699 3162 utuntur
722 3126 916 3163 omnes.

554 3197 589 3231 a
635 3182 994 3232 consuetudine
1044 3183 1310 3233 communis
1355 3197 1548 3240 censue,

489 3259 589 3297 vou
615 3248 667 3299 d.
687 3248 939 3310 iiblichen‚
961 3247 1231 3314 allgemein
1255 3249 1553 3300 hen-schen-

488 3316 586 3367 den
612 3315 1159 3382 Ansehauungsweise.
1220 3319 1265 3367 Il
1294 3316 1382 3380 16,
1410 3326 1479 3369 68.

553 3402 613 3462 4,
640 3410 704 3453 13.
748 3401 833 3456 Ac
854 3428 922 3438 —
957 3403 1079 3453 ‘und
1119 3403 1267 3453 dabei
1289 3403 1417 3453 lasst
1441 3401 1554 3452 sich

488 3486 579 3520 ιιιι·
611 3470 899 3535 Erkliirung
925 3470 1073 3536 jener
1103 3470 1389 3521 Thatsache
1422 3470 1553 3520 auch

487 3539 579 3588 das
604 3538 654 3587 in
681 3537 950 3588 Wahrheit
973 3537 1112 3588 nicht
1136 3538 1443 3605 behaupten.
1448 3537 1463 3562 ’

553 3625 740 3676 ceteras
783 3638 857 3674 sc.
882 3624 1105 3688 artibus,
1138 3638 1246 3675 was
1278 3639 1343 3673 an
1383 3624 1555 3674 dieser

486 3690 644 3744 Stelle
674 3690 932 3746 vielleicht
964 3692 1131 3750 hinter
1162 3692 1410 3744 inservire
1431 3706 1556 3741 aus-

486 3758 800 3828 ausgefallen
826 3747 911 3810 is't.

498 3872 507 3876 ,
554 3842 618 3882 ac
673 3829 880 3882 raemiis
897 3827 965 3878 Es
983 3828 1110 3880 wird
1123 3829 1236 3880 eine
1256 3828 1289 3878 d
1303 3842 1366 3882 re
1378 3827 1395 3876 i
1407 3828 1554 3879 fache

488 3894 605 3948 Ann
726 3910 755 3944 e
788 3895 865 3950 als
889 3896 1244 3960 unbegriindet
1272 3897 1553 3962 zuriickge-

488 3962 703 4012 wiesen:
742 3962 795 4026 1)
832 3964 953 4014 dass
988 3962 1099 4014 sich
1136 3962 1419 4027 iiberhaupt
1450 3965 1552 4015 den

489 4029 683 4080 andern
707 4030 935 4084 Kiinsten
968 4031 1077 4081 und
1110 4031 1552 4083 wissenschaften

490 4097 634 4146 mehr
656 4097 817 4148 Leute
842 4114 908 4149 zu
940 4099 1155 4149 widmen
1190 4100 1440 4165 pilegten,
1477 4101 1553 4151 als

492 4164 584 4214 der
598 4163 1006 4227 Beredsamkeit3
1031 4164 1090 4231 2)
1116 4167 1235 4217 dass
1262 4168 1346 4218 die
1360 4168 1554 4217 andern

490 4230 684 4282 Kiinste
707 4231 788 4281 fiir
813 4231 895 4282 die
919 4232 1142 4282 Mehrzal
1177 4235 1324 4285 einen
1347 4239 1556 4299 grosse-

379 1260 445 1311 14
489 1265 666 1327 quam
691 1246 1059 1327 eloquentiae
1080 1246 1272 1311 studia
1300 1247 1633 1326 viguerunt.
1719 1248 1868 1310 Nam
1897 1254 2279 1329 posteaquam
2309 1246 2559 1325 imperio
2591 1265 2746 1308 om-

1652 1463 1740 1500 ren
1767 1451 1891 1500 Reiz
1915 1450 2107 1513 hatten,
2126 1451 2235 1501 und
2258 1448 2311 1513 3)
2338 1450 2459 1502 dass
2483 1449 2568 1499 die
2585 1449 2745 1501 Aus-

1651 1518 1847 1572 siohten
1873 1519 1955 1571 bei
1979 1519 2078 1571 den
2103 1518 2315 1582 iibrigen
2334 1519 2562 1568 Kiinsten
2584 1522 2742 1582 giin-

1653 1587 1809 1652 stiget·
1833 1587 1938 1637 und
1959 1587 2042 1635 die
2069 1602 2131 1636 zu
2153 1586 2500 1636 erwartenden
2512 1586 2742 1651 Sieges-

1653 1654 1821 1721 preise
1844 1658 2049 1720 grosser
2072 1655 2233 1704 seien.
2294 1653 2462 1703 Daher
2483 1670 2546 1705 ae
2567 1669 2744 1723 prae-

1654 1723 1770 1773 miis
1792 1722 1931 1771 nicht
1949 1730 2038 1771 aut
2049 1737 2309 1787 praemiis
2328 1722 2459 1772 deun
2474 1723 2744 1788 diepiae-

1656 1791 1758 1839 mia
1792 1790 1910 1840 sind
1946 1792 2072 1839 eben
2118 1791 2212 1840 der
2246 1789 2410 1839 luhalt
2455 1791 2547 1841 der
2577 1805 2740 1855 spes,

1652 1859 1749 1907 wie
1774 1859 1911 1908 denn
1934 1857 2102 1907 auch
2089 1872 2161 1906 im
2187 1857 2462 1923 folgenden
2490 1858 2741 1908 zweimal

1655 1941 1751 1977 nur
1785 1926 1877 1976 das
1903 1927 2016 1976 eine
2049 1925 2198 1975 dafiir
2219 1934 2418 1991 gesetzt
2449 1927 2542 1975 ist:
2578 1935 2745 1976 erant

1653 1994 1771 2043 huie
1793 1994 1963 2044 studio
1982 1994 2205 2043 maxima
2228 1994 2469 2060 exposita
2491 1996 2742 2060 praemia

1654 2062 1763 2113 und
1797 2061 2132 2127 amplissimis
2167 2062 2492 2124 eloquentiae
2527 2075 2738 2128 propo-

1655 2130 1768 2180 sitis
1779 2130 2037 2194 praemiis.
2067 2145 2109 2178 s,
2124 2130 2175 2180 d.
2190 2130 2309 2180 krit.
2322 2129 2560 2194 Anhang.

1721 2198 1949 2264 Namque
1985 2196 2052 2247 So
2086 2198 2154 2247 ist
2188 2198 2413 2249 offenbar
2436 2214 2505 2248 zu
2527 2196 2742 2251 schrei-

1656 2265 1751 2314 ben
1766 2273 1889 2316 statt
1913 2265 2004 2316 des
2017 2280 2152 2329 ganz
2166 2265 2575 2331 unertrz'iglicheu
2597 2267 2742 2317 oder

1655 2333 1900 2385 vielmehr
1922 2332 2241 2399 unrichtigeu
2265 2336 2453 2397 Atque.
2488 2335 2589 2385 Der
2598 2333 2740 2387 Satz

1654 2403 1796 2453 leitet
1843 2402 2065 2453 namlich
2113 2403 2253 2452 nicht
2287 2412 2442 2453 etwas
2489 2403 2738 2455 weiteres

1656 2473 1764 2529 ein,
1800 2470 2022 2520 sondern
2058 2470 2250 2521 enthfilt
2272 2470 2738 2536 augenseheinlich

1656 2553 1752 2587 nur
1776 2539 1857 2589 die
1868 2537 2101 2590 einfache
2111 2538 2458 2605 Begriindung
2480 2540 2570 2592 der
2589 2541 2736 2590 oben

1659 2605 2017 2670 aufgestellten
2042 2605 2395 2672 Bellauptung,
2420 2608 2519 2656 wie
2543 2608 2611 2656 111
2643 2606 2733 2665 19.

1659 2682 1726 2723 72.
1779 2681 1833 2724 ut
1856 2675 2089 2724 omittam
2111 2675 2263 2725 allelu
2289 2674 2446 2738 (ohne
2471 2673 2731 2740 namque)

1660 2757 1725 2791 zu
1750 2741 2042 2802 schreiben‚
2067 2742 2190 2807 geht
2214 2742 2375 2793 sehon
2399 2758 2493 2794 aus
2518 2743 2730 2794 stilisti·

1656 2808 1810 2860 schen
1847 2809 2084 2861 Griiuden
2132 2809 2272 2861 nicht
2312 2811 2410 2861 wol
2441 2826 2526 2863 an.
2583 2827 2624 2862 s.
2671 2812 2734 2864 d.

1655 2878 1770 2927 krit.
1795 2877 2035 2943 Anhang.

1724 2946 2007 3000 Graeciam.
2030 2961 2072 2997 s,
2088 2946 2269 2997 erklfir.
2292 2947 2399 2998 ind.

1719 3016 1772 3066 in
1795 3015 1890 3065 hac
1912 3016 2029 3078 ipsa
2051 3016 2269 3065 civitate.
2297 3015 2380 3065 Or.
2401 3014 2568 3076 41,141
2593 3014 2731 3067 Nam

1652 3081 1767 3145 quis
1792 3097 2034 3146 umquam
2058 3083 2327 3146 dubitavit,
2343 3084 2466 3146 quin
2491 3085 2544 3134 in
2567 3099 2727 3148 repu-

1655 3149 1787 3199 blica
1809 3159 1981 3202 nostra
1991 3151 2182 3215 primas
2203 3150 2492 3220 eloquentia
2501 3153 2731 3202 tenuerit

1654 3233 1855 3282 semper
1879 3219 2088 3268 urbanis
2112 3220 2408 3284 pacatisque
2430 3221 2611 3280 rebus,
2635 3235 2728 3272 se·

1655 3289 1848 3337 cundas
1882 3286 2010 3336 iuris
2044 3287 2293 3338 scientia?
2327 3302 2444 3338 cum
2475 3288 2528 3337 iu
2563 3289 2734 3339 altera

1656 3353 1851 3419 gratiae
1896 3354 2091 3418 gloriae
2148 3354 2395 3419 praesidii
2440 3355 2726 3421 plurimum

1657 3429 1820 3482 esset,
1855 3422 1908 3470 in
1931 3423 2091 3472 altera
2114 3423 2572 3488 praescriptionum
2596 3438 2727 3473 cau-

1656 3490 1950 3554 tionumque
1982 3492 2298 3555 praeceptiO,
2337 3505 2470 3552 quae
2515 3492 2729 3553 quidem

1654 3558 1767 3623 ipsa
1788 3558 2038 3608 auxilium
2063 3558 2438 3620 alb-eloquentia
2448 3574 2604 3625 saepe
2625 3573 2724 3623 pe-

1657 3634 1808 3685 teret,
1858 3640 1919 3675 ea
1963 3641 2085 3677 vero
2125 3634 2445 3691 repugnante
2475 3627 2567 3677 vix
2598 3642 2729 3680 suas

1656 3693 1894 3757 regiones
1917 3692 2151 3756 finesque
2171 3693 2481 3745 defenderet.

1718 3762 1931 3826 imperio
1957 3765 2169 3813 omnium
2185 3764 2405 3828 gentium
2428 3765 2726 3815 constituto.

1656 3828 1758 3879 Das
1792 3844 1896 3882 war
1929 3831 2022 3886 mit
2055 3831 2104 3880 d.
2133 3830 2283 3896 Siege
2315 3832 2442 3881 iiber
2462 3830 2726 3895 Karthago

1655 3912 1708 3948 ιι.
1736 3897 1785 3946 d.
1814 3897 1966 3948 dritte
1988 3896 2446 3960 Weltmonarchie‚
2474 3898 2558 3948 die
2580 3898 2727 4017 griie-

1654 3963 1860 4014 chiseh·
1882 3966 2265 4017 macedonisehe
2297 3964 2618 4031 geschehen,

1656 4032 1745 4084 der
1787 4032 1927 4083 Mitte
1967 4033 2058 4084 des
2094 4033 2352 4085 2.Jahr11.
2391 4050 2437 4084 v.
2478 4033 2625 4093 chr..
2668 4035 2726 4084 in

1655 4099 1846 4154 welche
1871 4102 1979 4158 Zeit
2003 4101 2130 4151 auch
2157 4103 2239 4153 die
2256 4101 2460 4165 Epoche
2483 4070 2732 4152 macheu-

1657 4166 1721 4216 de
1734 4168 2111 4220 Gesandtsehaf
2109 4179 2126 4218 t
2150 4171 2239 4219 der
2250 4170 2357 4219 drei
2368 4168 2728 4233 griechischen

1658 4234 1997 4300 Philosophen
2024 4236 2152 4286 uach
2178 4238 2306 4288 Rom
2332 4236 2456 4292 salit.
