2930 4693
182 1113 191 1119 ’
256 1134 456 1211 29111

425 212 557 275 26ss

993 202 1094 266 DE
1124 200 1486 266 ORATORE
1525 203 1606 265 ΙΙΙ
1647 202 1750 267 29.
1794 212 2101 265 ιιι-113.

425 375 669 440 surculo
700 371 1091 453 defringendo
1117 388 1411 453 usurpare
1439 372 1771 435 videantur.
1830 374 1981 436 Nam
2009 375 2157 438 illud
2182 375 2434 439 alterum
2462 395 2675 456 genus,

429 462 589 543 quod
620 468 712 521 est
738 458 1131 538 temporibus,
1161 457 1325 527 locis,
1356 459 1480 541 reis
1509 458 1836 529 definitum,
1869 459 2158 533 obtinent,
2192 469 2368 543 atque
2390 462 2453 524 id
2474 465 2671 544 Ipsum

428 546 662 608 lacinia.
735 543 907 605 Nunc
945 544 1109 603 enim
1151 541 1308 623 apud
1347 541 1692 612 Philonem,
1742 560 1923 624 quem
1964 546 2030 606 in
2057 547 2376 609 Academia
2414 550 2676 609 maxime

428 633 630 709 vigere
671 628 880 699 audio,
933 629 1111 688 etiam
1151 627 1366 688 harum
1408 628 1528 689 iam
1571 645 1883 689 causarum
1914 632 2177 709 cognitio
2207 634 2676 712 exercitatioque

431 712 785 776 celebratur.
845 711 1112 774 Alterum
1139 729 1283 772 vero
1321 712 1738 774 tantummodo
1766 714 1830 773 in
1859 716 2052 793 prima
2083 724 2211 777 arte
2239 716 2534 779 tradenda
2561 734 2678 777 no-

428 801 661 861 minant
688 805 749 858 et
778 798 1035 858 oratoris
1066 815 1196 857 esse
1224 796 1460 865 dicum
1506 796 1613 857 sed
1641 815 1835 878 neque
1863 801 1984 859 vim
2013 818 2208 881 neque
2239 809 2515 863 naturam
2546 803 2683 862 eius

428 901 544 945 nec
572 889 774 963 partes
805 899 916 942 nec
947 898 1170 960 genera
1208 889 1584 961 proponunt,
1627 891 1695 944 ut
1720 885 2041 962 praeteriri
2081 888 2328 947 omnino
2368 886 2552 948 fuerit
2580 905 2680 947 sa-

425 970 546 1030 tius
572 985 753 1048 quam
785 973 1197 1045 attemptatum
1227 966 1443 1027 deseri.
1530 967 1703 1027 Nunc
1734 970 1893 1029 enim
1918 970 2124 1050 inopia
2152 973 2411 1032 reticere
2439 970 2681 1032 intelle-

434 1061 674 1134 guntur,
710 1059 836 1112 tum
863 1051 1085 1111 iudicio
1113 1050 1478 1113 viderentur.

603 1135 812 1198 Omnis
838 1136 1022 1214 igitur
1050 1153 1149 1195 res
1185 1134 1437 1197 eandem
1480 1134 1661 1197 habet
1699 1143 1972 1197 naturam
2016 1138 2385 1217 ambigendi,
2439 1139 2516 1200 de
2558 1158 2683 1219 qua

432 1224 641 1303 quaeri
669 1229 729 1282 et
753 1220 1072 1300 disceptari
1092 1226 1307 1299 potest,
1332 1221 1538 1280 sivein
1559 1221 1806 1282 infinitis
1826 1223 2357 1285 consultationibus
2381 1224 2682 1304 discepta-

431 1315 535 1369 tur
578 1308 700 1366 sive
737 1307 803 1366 in
845 1306 931 1365 eis
973 1306 1192 1375 causiS,
1254 1322 1407 1385 quae
1446 1306 1513 1366 in
1544 1307 1776 1366 civitate
1807 1309 1955 1367 etin
1987 1307 2213 1370 forensi
2244 1309 2684 1388 disceptatione

432 1397 773 1459 versantur;
835 1408 1031 1469 neque
1083 1396 1172 1450 est
1212 1389 1362 1460 ulla,
1417 1408 1570 1470 quae
1613 1409 1732 1451 non
1774 1398 1875 1452 aut
1917 1392 1990 1452 ad
2033 1394 2439 1471 cognoscendi
2467 1401 2571 1455 aut
2600 1394 2684 1455 ad

303 1485 407 1537 112
437 1475 652 1555 agendi
680 1476 796 1540 vim
826 1475 1237 1553 rationemque
1265 1474 1581 1535 referatur.
1634 1475 1784 1536 Nam
1805 1483 1907 1537 aut
1927 1478 2056 1555 ipsa
2078 1480 2343 1557 cognitio
2367 1480 2457 1540 rei
2479 1481 2686 1540 scien·

432 1563 632 1641 tiaque
652 1560 1035 1641 perquiritur,
1059 1566 1150 1620 ut:
1176 1559 1400 1619 ‘Virtus
1422 1577 1670 1620 suamne
1691 1568 1940 1640 propter
1956 1561 2306 1639 dignitatem
2334 1581 2410 1624 an
2428 1571 2689 1643 propter

438 1645 699 1707 fructum
730 1643 986 1725 aliquem
1016 1650 1323 1723 expetatur
1337 1645 1385 1703 ‘2’
1447 1652 1547 1705 aut
1587 1644 1800 1722 agendi
1832 1646 2143 1707 consilium
2175 1648 2535 1727 exquiritur,
2579 1656 2684 1710 ut:

314 1741 413 1794 113
441 1731 634 1792 ‘Sitne
677 1730 929 1809 sapienti
970 1729 1329 1808 capessenda
1370 1718 1471 1789 re‘s
1520 1727 1757 1809 publica
1771 1729 1820 1790 ‘Z'
1908 1731 2273 1810 Cognitionis
2314 1740 2511 1794 autem
2552 1739 2688 1794 tres

438 1815 629 1885 modi,
671 1816 1039 1884 coniectura,
1084 1813 1349 1874 definitio
1380 1820 1440 1874 et
1468 1821 1535 1874 ut
1561 1816 1643 1874 ita
1673 1813 1867 1875 dicam
1898 1818 2261 1879 consecutio.

2351 1817 2502 1878 Nam
2533 1818 2685 1897 quid

436 1901 501 1960 in
529 1917 599 1960 re
628 1901 706 1958 sit
733 1898 1073 1958 coniectura
1105 1899 1439 1977 quaeritur,
1484 1910 1552 1959 ut
1586 1897 1760 1959 illud:
1816 1900 2007 1961 ‘Sitne
2045 1902 2110 1961 in
2149 1901 2413 1963 humano
2455 1919 2688 1980 genere

440 2116 507 2165 de
555 2113 997 2180 unrechtmf'issige
1037 2114 1511 2180 Besitzergreifuug

436 2180 494 2249 (S
523 2183 649 2244 122)
678 2183 932 2233 zeitweise
970 2183 1232 2232 verloreue
1256 2183 1379 2245 Gut‚
1417 2183 1513 2232 auf

439 2252 534 2303 das
557 2265 674 2300 man
700 2252 825 2300 aber
846 2248 1189 2301 fortwiihrend
1210 2250 1302 2300 das
1323 2244 1508 2301 vollste

438 2317 890 2386 Eigentumsrecht
900 2318 1004 2383 hat,
1017 2318 1155 2369 kraft
1162 2319 1203 2368 ri
1209 2318 1512 2369 chterlicher

439 2386 831 2451 Entscheidung
873 2388 996 2437 oder
1039 2387 1168 2437 auch
1202 2387 1338 2438 kraft
1369 2388 1509 2437 that-

439 2454 723 2507 siichlicher
779 2455 1280 2520 Wiederbesetzung
1348 2455 1512 2506 sofort

438 2522 670 2574 wirklieh
713 2524 901 2573 wieder
942 2524 1239 2588 gewinnen,
1290 2537 1349 2574 so
1380 2523 1507 2573 dass

439 2606 561 2642 man
580 2607 685 2642 nun
703 2592 893 2641 wieder
910 2591 1051 2640 nicht
1058 2591 1199 2641 bloss
1213 2592 1307 2642 das
1318 2592 1508 2657 Eigen-

437 2659 748 2718 tumerecht‚
774 2660 997 2710 sonderu
1022 2659 1153 2709 auch
1178 2660 1278 2709 deu
1303 2659 1508 2711 Genese

441 2729 612 2778 seines
636 2728 940 2791 Eigentums
970 2727 1086 2790 hat3
1121 2743 1378 2792 usurpare
1411 2728 1505 2777 da-

441 2810 636 2861 gegen:
668 2810 760 2844 nur
782 2794 980 2845 formell
1004 2797 1116 2844 sein
1135 2795 1296 2844 Recht
1319 2794 1410 2844 auf
1426 2796 1510 2844 die

440 2863 1512 2994 t'ssffsss‘attffftz’ss55535503120322323'3

441 2997 691 3063 gedudert
737 2996 889 3055 wird,
940 2997 1022 3046 die
1063 2998 1376 3063 dermaligen
1410 2999 1508 3048 Be·

440 3066 599 3116 sitzer
620 3062 870 3114 vielmehr
887 3063 1017 3113 nach
1035 3066 1130 3114 wie
1147 3079 1241 3114 vor
1258 3066 1329 3114 im
1341 3065 1514 3116 Besitz

440 3133 755 3184 verbleiben.

512 3216 584 3251 ex
605 3202 718 3250 iure
752 3201 890 3250 civili
921 3225 986 3238 --
1021 3199 1150 3249 nach
1183 3200 1283 3250 den
1312 3201 1513 3266 privet-

440 3267 684 3318 rechtlich
724 3267 808 3318 fiir
842 3268 926 3318 die
960 3268 1288 3318 Vindicazi0u
1324 3282 1513 3336 vorge-

442 3337 780 3388 schriebenen
830 3337 1046 3386 Formen
1107 3333 1180 3401 (s.
1229 3337 1342 3387 iud.
1396 3337 1512 3402 lege

447 3419 474 3454 a
516 3420 600 3454 ere
634 3440 646 3453 .

478 3402 715 3523 gem-{ulo
760 3465 1145 3536 defrivtyendO,'
1181 3472 1370 3521 mittels
1405 3472 1514 3522 der

448 3539 824 3604 symbolischen
852 3540 1140 3604 Handlung,
1169 3540 1301 3590 nach
1327 3541 1418 3590 der
1440 3541 1513 3589 ir-

446 3608 585 3671 gend
633 3609 715 3655 ein
755 3606 900 3657 Theil
948 3608 1040 3657 des
1087 3608 1346 3673 streitigen
1384 3608 1513 3659 Guts

445 3675 532 3726 fiir
575 3675 745 3725 dieses
790 3674 955 3724 selbst
1000 3689 1307 3739 genommen
1351 3676 1511 3726 ward.

448 3743 579 3796 Geli.
604 3743 677 3793 IV
703 3742 766 3791 17
812 3744 991 3806 Itaque
1022 3758 1090 3792 ex
1116 3757 1280 3808 grege
1300 3743 1385 3793 vel
1409 3759 1513 3794 una

448 3812 560 3862 ovis
585 3820 674 3861 aut
697 3824 852 3875 capra
875 3811 925 3858 in
947 3811 1027 3860 ius
1042 3811 1412 3874 adducebatur,
1430 3812 1515 3861 vel

448 3880 599 3929 etiam
618 3879 760 3945 pilus
786 3878 904 3928 inde
928 3880 1225 3929 sumebatur
1256 3888 1305 3930 et
1339 3880 1392 3928 in
1424 3882 1513 3930 ius

446 3946 799 4007 adferebatun
825 3961 890 3995 ex
914 3961 1045 3995 nave
1067 3960 1190 3997 vero
1211 3955 1261 3996 et
1277 3946 1515 3998 columna

444 4016 621 4078 aliqua
650 4030 772 4080 pars
814 4014 1233 4079 defi-ingebatun
1279 4015 1516 4065 similiter

448 4096 517 4130 ex
539 4082 701 4131 fundo
725 4084 878 4147 gleba
900 4084 1200 4133 sumebatur
1222 4088 1356 4132 etex
1374 4083 1516 4133 aedi-

446 4149 546 4197 bus
566 4150 761 4212 tegula.
812 4150 905 4199 Die
930 4148 1372 4200 Schulrhetouiker
1394 4151 1515 4202 sind

443 4214 561 4264 also
582 4216 677 4264 mit
700 4216 817 4265 dem
835 4217 1044 4266 blesseu
1055 4216 1350 4267 Anteichen
1372 4217 1515 4270 ihtes

1610 2115 1844 2167 Besitzes
1879 2117 1929 2168 d.
1964 2117 2014 2167 h.
2064 2118 2175 2168 hier
2208 2120 2302 2169 mit
2345 2119 2436 2169 der
2468 2119 2686 2171 blossen

1610 2184 1939 2250 Erwfihnung
1970 2187 2064 2236 des
2103 2200 2270 2252 genus
2304 2187 2561 2237 infinitum
2607 2189 2683 2237 im

1610 2251 1989 2303 theoretischen
2046 2254 2336 2304 Unterricht
2393 2255 2685 2318 zufriedeu,

1611 2321 1755 2370 seiue
1789 2321 2050 2371 wirkliche
2082 2322 2390 2389 Bedeutung
2421 2323 2529 2375 und
2569 2325 2683 2374 An·

1610 2391 1870 2455 weudung
1891 2392 2094 2440 kennen
2131 2392 2207 2441 sie
2233 2391 2392 2441 nieht.
2449 2393 2687 2443 celebra-

1613 2464 1719 2514 tur,
1758 2454 1790 2523 S
1817 2458 1915 2508 155
1948 2459 2242 2509 celebravit.
2296 2461 2350 2510 in
2368 2462 2541 2524 prima
2564 2469 2686 2511 arte

1612 2527 1869 2576 tradenda
1893 2526 1944 2575 d.
1969 2525 2021 2576 h.
2046 2527 2098 2576 in
2123 2528 2377 2594 principio
2402 2529 2529 2578 artis
2552 2528 2674 2577 rhe-

1611 2594 1827 2657 toricae,
1853 2593 1984 2646 Einl.
2011 2596 2056 2643 11
2081 2591 2113 2660 S
2137 2595 2188 2645 2.
2235 2597 2441 2654 iudicio,
2467 2593 2499 2662 S
2524 2595 2610 2646 59.

1678 2691 1775 2757 29,
1812 2703 1904 2746 111.
1951 2696 2109 2759 igitur·
2138 2720 2207 2732 —
2239 2711 2328 2745 um
2358 2695 2470 2746 hier
2494 2697 2684 2747 einmal

1610 2761 1895 2825 gleichsam
1915 2778 2006 2814 zur
2016 2763 2328 2829 Ergiinzuug
2338 2763 2428 2814 der
2437 2764 2687 2830 gewiihu-

1611 2828 1780 2880 lichen
1799 2830 2179 2895 mangelhaften
2192 2831 2543 2882 Schultheorie
2565 2834 2684 2883 eine

1616 2897 1932 2948 ordentliehe
1955 2898 2252 2949 Uebersicht
2283 2901 2411 2950 iiber
2436 2900 2529 2951 das
2553 2916 2599 2951 8.
2623 2916 2678 2967 g.

1652 2981 1779 3015 enus
1802 2965 2059 3017 infinitum
2082 2968 2192 3017 und
2212 2966 2409 3017 finitum
2432 2969 2486 3017 in
2511 2970 2684 3018 seiner

1657 3032 1821 3083 inheit
1854 3050 1920 3083 zu
1952 3036 2140 3095 geben.
2222 3035 2355 3086 Einl.
2382 3037 2430 3085 II
2461 3036 2495 3098 S
2527 3036 2587 3097 2,
2635 3045 2681 3086 8.

1615 3100 1922 3167 αηιόίρεηᾱὶ,
1949 3104 2106 3167 1124,
2133 3111 2225 3154 104.

1682 3186 1894 3238 eandem
1927 3194 2051 3249 etc.‚
2085 3187 2140 3237 d.
2164 3185 2218 3236 h.
2253 3188 2380 3237 lissi.
2412 3185 2526 3237 sich
2549 3186 2684 3237 nach

1616 3253 1708 3304 der
1733 3254 1881 3304 einen
1905 3253 2030 3305 oder
2052 3255 2145 3305 der
2167 3255 2359 3306 andern
2376 3293 2391 3317 ,
2417 3256 2509 3305 der
2531 3254 2680 3306 theo-

1613 3320 1869 3374 retischen
1908 3322 2033 3372 oder
2064 3323 2395 3389 praktischen
2420 3322 2561 3374 Seite
2587 3325 2683 3373 be·-

1611 3389 1861 3439 trachten.
1934 3392 1997 3439 de
2024 3407 2125 3456 qua
2156 3400 2279 3452 etc.‚
2331 3392 2422 3441 der
2456 3390 2578 3442 Satz
2616 3392 2684 3441 de

1614 3472 1715 3520 qun
1749 3458 1927 3520 quaeri
1952 3466 2002 3506 et
2032 3459 2306 3524 disceptari
2341 3451 2512 3524 potest
2551 3458 2682 3524 (den

1612 3525 1819 3576 Ellendt
1839 3524 1924 3576 fiir
1943 3526 2025 3592 ein
2036 3525 2270 3576 Giossem
2287 3526 2420 3588 halt)
2435 3526 2682 3578 schliesst

1615 3592 1724 3642 sich
1743 3607 1806 3644 an
1830 3606 2009 3644 omues
2026 3609 2110 3644 res
2127 3610 2213 3645 an.
2249 3597 2431 3661 quaeri
2451 3594 2576 3659 geht
2591 3593 2692 3646 auf

1615 3661 1698 3710 die
1737 3654 1924 3739 θέσις,
1969 3662 2053 3711 die
2092 3664 2351 3725 quaestio,
2395 3664 2689 3727 disceptari

1613 3728 1709 3780 auf
1743 3729 1830 3780 die
1868 3721 2171 3795 υπόθεσις,
2221 3731 2305 3780 die
2337 3731 2685 3782 controversia

1616 3796 1741 3848 oder
1765 3811 1940 3847 causa.
2455 3799 2460 3803 ’

1682 3889 1778 3929 112.
1831 3896 2039 3931 suamne
2090 3888 2315 3946 propter
2368 3883 2684 3947 diyuitatem,

1614 3949 1712 3997 wie
1748 3948 1831 3998 die
1856 3948 2049 3998 iilteren
2074 3950 2423 3999 Akademiker
2454 3948 2561 4000 und
2583 3950 2679 3999 Pe-

1610 4016 1911 4082 ripatetiker
1926 4016 2034 4067 und
2053 4018 2137 4067 die
2148 4017 2354 4068 Stoiker
2368 4016 2681 4067 annahmen.

1614 4083 1762 4134 Sitne
1795 4092 1921 4146 etc.‚
1966 4086 2081 4135 eine
2104 4086 2293 4154 Frage,
2336 4086 2419 4136 die
2449 4086 2533 4136 die
2555 4085 2677 4150 Epi·

1613 4152 1799 4285 kufeltler
1819 4153 2120 4204 verneinten
2145 4152 2208 4218 (S
2230 4151 2348 4221 64),
2373 4154 2459 4203 die
2476 4152 2688 4212 Stoiker

1613 4220 1678 4269 be
1702 4233 1732 4268 a
1770 4228 1874 4270 ten.
