2930 4693
411 161 539 228 144
1002 149 1103 217 DE
1140 147 1502 215 ommim
1535 149 1592 214 11
1633 149 1737 215 33.
1779 158 1896 213 us.
1933 158 2052 214 144.

412 326 619 391 scendi
646 324 1060 388 abiiceremus.
1120 322 1242 387 Sed
1270 322 1420 386 haec
1448 322 1696 386 Crassus
1723 320 2042 405 aliquando
2071 323 2245 387 nobis
2273 326 2557 407 expediet
2585 324 2666 390 ‘et

416 419 676 496 exponet
702 411 999 493 descripta
1028 410 1379 490 generatim.
1438 407 1545 469 Est
1572 409 1763 479 enim,
1793 427 1872 470 ne
1901 409 2058 471 forte
2086 411 2347 483 nescias,
2377 413 2516 473 heri
2545 432 2659 475 no-

412 499 509 562 bis
536 497 639 560 ille
678 498 829 568 hoc,
871 495 1105 567 Catule,
1146 493 1480 577 pollicitus,
1530 495 1626 554 ius
1653 492 1852 565 civile,
1903 496 2064 575 quod
2091 514 2255 558 nunc
2282 496 2566 559 diffusum
2595 506 2662 561 et

414 584 763 665 dissipatum
804 589 990 654 esset,
1042 581 1107 642 in
1148 587 1315 642 certa
1355 596 1580 658 genera
1619 587 1966 642 coacturum
1999 587 2059 642 et
2086 582 2162 643 ad
2190 590 2384 644 artem
2413 582 2658 647 facilem

414 669 817 732 redacturum.

274 765 377 820 143
580 755 657 817 Et
693 752 934 837 quidem
948 799 966 824 ,
1016 752 1210 833 inquit
1251 744 1583 813 CATULUS
1597 797 1614 822 ,
1665 749 2122 833 haudquaquam
2169 753 2233 814 id
2275 761 2367 814 est
2408 753 2658 816 difficile

414 841 655 912 Crasm,
704 839 809 921 qui
837 843 926 907 et,
968 837 1129 917 quod
1159 836 1309 897 disci
1335 837 1529 917 potuit
1556 835 1633 896 de
1662 837 1823 907 iure,
1855 836 2063 898 didicit
2091 844 2178 909 et,
2210 838 2372 919 quod
2402 841 2518 911 eis,
2552 842 2658 922 qui

415 945 552 989 eum
594 924 958 993 docuerunt,
1011 920 1226 994 defuit,
1275 922 1405 1001 ipse
1447 919 1707 991 adseren
1760 928 1858 994 nt,
1907 940 2061 1003 quae
2090 924 2210 985 sint
2235 925 2302 984 in
2343 925 2507 995 iure,
2560 924 2656 985 vel

415 1019 589 1074 acute
618 1006 959 1073 describere
988 1006 1082 1068 vel
1110 1013 1320 1068 ornate
1346 1005 1648 1068 illustrare
1674 1008 1881 1086 possit.

584 1095 743 1175 Ergo
770 1095 910 1164 ista,
940 1093 1134 1173 inquit
1159 1090 1570 1170 An'romus,
1597 1099 1725 1153 tum
1755 1111 1790 1153 a
1819 1092 2033 1155 Crasso
2061 1092 2388 1165 discemuS,
2421 1113 2562 1172 cum
2589 1114 2655 1157 se

416 1180 492 1244 de
520 1178 697 1242 turha
727 1185 788 1240 et
815 1196 851 1238 a
878 1176 1178 1240 subselliis
1205 1178 1269 1238 in
1298 1178 1516 1247 otium,
1560 1184 1628 1238 nt
1656 1178 1906 1256 cogitat,
1949 1176 2283 1258 soliumque
2311 1179 2653 1243 contulerit.

280 1280 379 1336 144
584 1264 709 1326 lam
737 1264 800 1325 id
828 1261 1070 1344 quidem
1110 1280 1320 1344 saepe,
1369 1264 1567 1343 inquit
1598 1256 1958 1334 CATULUS,
2011 1281 2086 1324 ex
2127 1281 2199 1324 eo
2241 1263 2463 1335 audivi,
2515 1284 2654 1327 cum

416 1350 645 1414 diceret
690 1347 806 1410 sibi
846 1355 1077 1411 certum
1122 1366 1254 1410 esse
1303 1367 1338 1409 a
1377 1348 1613 1409 indiciis
1654 1349 1966 1429 causisque
2007 1348 2345 1418 discedere;
2397 1350 2535 1421 sed,
2588 1357 2656 1412 ut
2742 1366 2754 1374 ·

413 1453 531 1517 lpsl
569 1433 734 1497 soleo
777 1433 1007 1506 dicere,
1060 1452 1183 1495 non
1222 1432 1444 1495 licebit.
1533 1433 1741 1514 Neque
1770 1435 1930 1495 enim
1960 1432 2242 1495 auxilium
2272 1451 2443 1495 suum
2475 1454 2654 1516 saepe

415 1540 447 1583 a
478 1522 621 1583 viris
648 1520 826 1583 honis
854 1519 1074 1581 frustra
1104 1518 1415 1600 implorari
1440 1519 1703 1599 patietur
1732 1537 1927 1600 neque
1954 1518 2017 1578 id
2047 1536 2237 1599 aequo
2268 1521 2470 1582 animo
2499 1519 2653 1582 feret

415 1608 648 1678 civitas;
679 1624 831 1688 quae
860 1606 912 1667 si
931 1623 1076 1667 voce
1092 1605 1159 1667 L.
1185 1605 1383 1669 Crassi
1417 1602 1662 1675 carebit,
1692 1611 2046 1665 ornamento
2074 1603 2333 1683 quodam
2362 1622 2497 1666 sese
2518 1624 2653 1686 spo·-

411 1691 611 1756 liatam
680 1689 888 1755 utabtt.

585 1711 737 1840 ΝΞιιι
764 1774 999 1847 hercle,
1028 1776 1224 1856 inquit
1264 1772 1670 1845 ANTONIUS,
1724 1775 1776 1835 si
1815 1774 1965 1835 haec
2005 1792 2146 1835 vere
2187 1793 2222 1835 a
2251 1773 2458 1837 Catulo
2500 1774 2655 1837 dicta

417 1868 575 1932 sunt,
608 1859 718 1922 tibi
746 1878 983 1922 mecum
1009 1861 1074 1920 in
1096 1860 1308 1921 eodem
1332 1867 1423 1922 est
1448 1860 1722 1940 pistrino,
1754 1860 1981 1930 Crasse,
2011 1859 2359 1929 vivendum;
2394 1868 2455 1921 et
2481 1862 2652 1921 istam

418 1947 769 2008 oscitantem
822 1951 882 2005 et
922 1942 1345 2006 dormitantem
1389 1946 1741 2025 sapientiam
1770 1943 2185 2007 Scaevolarum
2228 1952 2289 2006 et
2317 1952 2653 2008 ceterorum

416 2030 728 2094 beatorum
758 2030 881 2091 otio
910 2028 1326 2091 concedamus.
2601 2041 2614 2046 ·

416 2217 536 2270 sriih
557 2217 876 2271 acdetern'ti
895 2214 1229 2283 ansgel'allen,
1248 2215 1488 2267 oderwas

416 2284 896 2338 wahrscheinlicher
918 2285 1000 2346 ist,
1029 2285 1111 2336 die
1119 2284 1300 2335 Worte
1322 2299 1354 2334 a
1376 2286 1489 2336 inre

417 2354 774 2422 cognoscendo
808 2354 929 2405 sind
960 2355 1043 2404 ein
1077 2352 1339 2417 Glossem,
1384 2369 1490 2405 von

419 2425 588 2474 einem
612 2422 848 2474 Erkliirer
868 2421 1252 2489 hinzugesetzt,
1288 2422 1380 2473 der
1402 2423 1490 2473 die

420 2493 639 2559 Angabe
687 2491 828 2543 eines
860 2490 1215 2541 ursachlichen
1250 2487 1488 2541 Grnndes

422 2576 488 2612 zu
513 2561 631 2612 dem
691 2569 784 2611 art.
811 2560 1060 2611 debilitati
1091 2559 1360 2610 vermisste
1382 2559 1491 2610 und

422 2628 561 2680 nicht
592 2644 650 2681 sa
697 2665 711 2693 ,
763 2628 885 2680 dass
932 2628 1010 2678 ein
1047 2626 1248 2679 solcher
1278 2628 1333 2677 in
1368 2627 1485 2678 dem

421 2698 716 2750 Causalsatz
750 2697 889 2762 quod
919 2695 1154 2747 homines
1187 2696 1483 2747 innumera-

417 2764 546 2816 biles
572 2772 743 2815 essent
765 2763 928 2815 sehon
949 2764 1264 2830 vollstandig
1286 2763 1482 2814 enthal-

419 2841 505 2882 ten
527 2833 612 2882 ist.
650 2831 733 2884 Or.
760 2830 807 2895 l,
831 2841 857 2882 3
878 2846 1085 2892 vereor,
1112 2846 1177 2880 ne
1201 2858 1267 2867 —
1288 2831 1484 2882 tardem

419 2899 591 2951 studia
607 2898 898 2961 multorum,
922 2900 1009 2962 qui
1020 2899 1376 2965 desperatione
1393 2900 1485 2950 de-

420 2966 600 3018 bilitati
629 2966 849 3032 experifi
871 2966 927 3015 id
951 2966 1126 3016 nolent
1150 2967 1287 3028 quod
1310 2982 1368 3018 se
1391 2967 1485 3018 ad-

423 3034 568 3100 sequi
592 3048 750 3101 posse
775 3032 1011 3085 diffidant
1031 3033 1082 3097 2,
1108 3043 1133 3083 5
1157 3034 1401 3085 deterriti.

489 3104 754 3168 descripta
782 3102 1089 3170 generatim,
1131 3100 1262 3152 nach
1293 3103 1489 3168 Haupt-

420 3170 748 3237 abteilnngen
795 3171 920 3222 oder
960 3170 1192 3237 Kapiteln
1242 3170 1489 3237 geor-duct

423 3237 534 3306 (die
591 3238 791 3290 allemal
851 3239 935 3290 die
979 3238 1282 3291 Einzelfz‘ille
1337 3245 1489 3289 nnter

422 3309 589 3360 einem
654 3307 1217 3376 Hauptgesichtspunkt
1286 3322 1488 3358 zusam-

421 3375 759 3441 menfassen).
829 3376 967 3437 heri,
992 3378 1016 3426 I
1038 3376 1124 3439 42,
1151 3384 1247 3427 190.

487 3453 650 3498 artem
664 3446 884 3510 facilem,
912 3461 977 3495 ιιι
995 3445 1164 3495 einem
1181 3442 1335 3494 leicht
1351 3442 1488 3495 fass-

422 3513 590 3565 lichen
615 3512 844 3579 System‚
878 3514 1109 3578 facilem,
1138 3513 1191 3564 in
1214 3512 1373 3579 Folge
1398 3513 1490 3564 der

422 3580 844 3648 systematischen
867 3582 1206 3647 Anordnung.

492 3658 584 3702 143.
621 3655 769 3700 acute
787 3649 1096 3708 describere,
1120 3650 1188 3699 im
1201 3647 1487 3715 Gegensatz

425 3735 492 3771 ιιι
519 3718 610 3769 der
644 3716 957 3783 dermaligen
992 3717 1487 3783 unsystematischen

425 3784 742 3852 Anhfiut'ung
762 3785 857 3835 mit
880 3784 1135 3851 logischer
1159 3784 1371 3837 Schfiri'e
1394 3786 1485 3836 ab·

338 3850 347 3857 “
424 3869 677 3921 grenzen,
727 3853 835 3904 also
882 3852 1239 3919 systematisch
1276 3854 1489 3906 ordnen.

420 3922 519 3975 Die
540 3923 729 3974 andere
751 3920 931 3971 Lesart
953 3929 1072 3988 apte
1095 3920 1216 3973 hebt
1238 3921 1378 3972 nicht
1401 3936 1488 3973 so*

423 3988 524 4041 wol
547 3990 639 4041 das
673 3988 901 4057 logische
925 3987 1202 4050 Geschick,
1249 3990 1326 4041 als
1360 3990 1490 4041 viel·

424 4055 570 4171 ¹melu·
623 4058 705 4107 die
751 4060 963 4108 :iussere
1010 4058 1493 4125 Zweckmiissigkeit

465 4134 627 4170 ervor.

495 4194 676 4241 ornate
697 4190 973 4249 illustrare,
995 4191 1066 4241 im
1087 4189 1374 4259 Gegensatz
1398 4207 1489 4259 ge·-

364 4572 627 4622 ssss

1589 2232 1690 2284 gen
1724 2218 1808 2269 die
1835 2217 2028 2283 jetzige
2049 2216 2387 2268 Trockenheit
2419 2217 2528 2268 und
2550 2217 2650 2269 Un-

1590 2285 1807 2336 klarheit
1830 2285 1990 2336 durch
2022 2286 2136 2336 eine
2165 2285 2410 2353 geffllige
2432 2285 2654 2337 Darstel-

1590 2354 1716 2420 lung
1737 2356 1818 2406 ins
1842 2354 1990 2405 Licht
2012 2355 2213 2408 stellen.

1657 2439 1717 2474 so
1744 2425 1757 2438 ‘
1902 2440 1958 2482 e,
2004 2425 2029 2473 I
2060 2422 2156 2487 45,
2187 2431 2290 2483 1993
2334 2422 2516 2488 1155,
2551 2432 2651 2484 2263

1591 2492 1662 2560 111
1687 2489 1769 2555 33,
1798 2499 1891 2542 133.

1660 2567 1753 2609 144.
1800 2560 1946 2610 Nam.
2001 2559 2171 2609 Damit
2216 2559 2499 2624 begriindet
2546 2560 2649 2609 An·

1587 2629 1788 2690 tonius,
1822 2628 1944 2678 dass
1968 2643 2023 2676 er
2046 2627 2099 2677 in
2125 2627 2215 2677 der
2239 2627 2529 2678 erwfihnten
2555 2628 2649 2678 Be·

1588 2695 1809 2761 ziehung
1825 2696 1918 2746 mit
1929 2695 2142 2747 Catulus
2161 2696 2551 2747 einverstanden
2560 2697 2651 2758 sei,

1587 2779 1735 2813 wenn
1771 2779 1826 2813 er
1858 2762 1985 2814 auch
2025 2763 2109 2813 die
2133 2762 2299 2814 Sache
2319 2778 2440 2814 vom
2465 2763 2652 2815 Stand-

1586 2833 1752 2898 punkt
1775 2831 1867 2882 des
1886 2831 2287 2882 Staatsdienstes
2312 2842 2468 2882 etwas
2493 2832 2650 2883 niich-

1584 2909 1754 2950 terner
1771 2898 1973 2950 ansieht
1984 2916 1997 2949 ε
2019 2899 2081 2950 Ja
2091 2899 2307 2960 freilicb,
2323 2901 2458 2950 denn
2468 2916 2520 2951 ιι.
2536 2916 2579 2955 ε.
2589 2916 2649 2952 w.

1585 2968 1731 3019 Vera
1766 2970 1787 3018 1
1833 2967 1925 3030 51,
1972 2975 2047 3019 133
2094 2982 2213 3018 nam
2255 2967 2545 3020 mehercule
2580 2969 2651 3019 sic

1590 3049 1826 3103 agamus.

1588 3120 1740 3223 ..55⁸
1742 3103 1997 3222 ’,230κὶιῖ
2007 3103 2032 3154 ¹
2037 3112 2147 3223 3132·
2174 3103 2652 3238 ,Rssssfflzz‘tfflffsss

1587 3240 1789 3291 werden
1808 3258 1822 3301 ;
1845 3241 1914 3291 im
1937 3238 2222 3306 Gegensatz
2248 3241 2384 3292 dazn
2403 3239 2648 3291 hernach:

1589 3309 1643 3358 in
1665 3309 1953 3359 libertatem
1976 3309 2272 3361 vindicabit.

1658 3378 1953 3429 oscitantem
1984 3385 2037 3429 et
2060 3378 2415 3429 dormitantem
2450 3380 2652 3443 sapien-

1590 3447 1735 3508 tiam,
1780 3445 1862 3496 die
1895 3445 2129 3497 miihelos
2164 3446 2271 3496 und
2296 3446 2517 3511 hequem
2537 3460 2653 3496 vom

1588 3511 1897 3564 Ruhesessel
1910 3514 1999 3564 des
2009 3514 2336 3577 HausvaterS‚
2347 3528 2467 3566 vom
2479 3513 2655 3565 Gross·

1591 3581 1869 3632 vaterstuhl
1910 3597 2004 3633 aus
2038 3581 2148 3632 ihre
2182 3580 2490 3633 rechtlichen
2528 3581 2652 3633 Gut-

1589 3648 1770 3766 achtelen
1796 3651 1889 3701 wie
1902 3649 2305 3717 Orakelspriiche
2326 3650 2377 3716 (Ι
2393 3649 2476 3711 45,
2498 3659 2573 3702 199
2590 3648 2653 3714 f.)

1591 3719 1715 3769 ertei
1736 3727 1771 3769 t.

1658 3786 2041 3845 Scaevolarum,
2076 3786 2151 3837 als
2177 3787 2267 3837 der
2289 3787 2414 3837 iuris
2440 3786 2656 3837 consulti

1592 3846 1716 3906 κατ’
1742 3846 1949 3921 ἔξοχήν
1971 3855 1994 3904 Ι
2020 3853 2102 3917 10,
2122 3863 2188 3905 39.
2213 3854 2345 3906 Einl.
2365 3856 2388 3905 I
2408 3853 2440 3916 §
2460 3853 2544 3916 14,
2566 3862 2654 3905 163.

1660 3922 1922 3973 beatorum
1945 3949 2009 3959 —
2035 3922 2119 3973 die
2135 3923 2232 3973 wie
2256 3923 2339 3972 die
2365 3915 2498 3988 ῥεῖα
2521 3920 2655 3985 ζῶν-

1593 4006 1686 4051 τες
1720 3987 1855 4042 θεοὶ
1901 3990 1955 4040 in
1990 3991 2178 4056 seliger
2208 3990 2356 4042 Ruhe
2390 3990 2555 4041 nichts
2591 4005 2654 4040 ιιι

1590 4057 1720 4108 thun
1743 4056 1928 4108 haben.
1978 4056 2119 4109 Ganz
2153 4057 2354 4108 ahnlich
2389 4059 2656 4125 persifliert

1596 4125 1697 4176 Cic.
1715 4139 1766 4190 p.
1780 4125 2016 4190 Mur-,12
2037 4135 2106 4190 26,
2134 4126 2216 4176 die
2233 4126 2483 4176 Juristen:
2509 4140 2656 4191 prae-

1589 4200 1671 4244 tor
1695 4192 1888 4244 interea
1912 4208 1977 4261 ne
1997 4192 2269 4260 pulchrum
2295 4209 2354 4244 se
2377 4208 2437 4244 ac
2460 4194 2658 4247 beatum
