2930 4693
436 238 563 302 174
1018 229 1120 292 BE
1149 227 1507 291 ORATORE
1547 228 1600 291 Π
1639 230 1744 292 55.
1790 237 1913 290 223.
1942 225 2090 293 224ss

678 399 1005 461 ‘flammam
1034 416 1069 460 a
1097 400 1363 479 sapiente
1392 398 1626 461 facilins
1653 417 1760 460 ore
1787 401 1852 460 in
1882 399 2128 462 ardente
2157 401 2433 482 opprimi,

674 485 853 566 quam
883 483 1039 545 bona
1068 484 1221 545 dicta
1252 483 1517 554 teneat;’

436 571 585 633 haee
612 569 841 630 scilieet
866 567 1025 629 bona
1053 569 1226 639 dicta,
1258 586 1410 649 quae
1437 568 1592 630 salsa
1619 571 1769 638 eint;
1800 586 1939 631 nam
1961 587 2032 631 ea
2061 568 2261 632 dicta
2291 569 2670 652 appellantur

304 664 397 741 55
434 657 682 737 proprio
730 656 850 715 iam
902 656 1163 716 nomine.
1251 653 1369 715 Sed
1412 662 1481 714 ut
1519 655 1584 715 in
1625 653 1907 715 Scaevola
1963 656 2253 716 continuit
2305 675 2375 717 ea
2416 658 2668 719 Crassus

436 748 613 821 atque
642 742 706 800 in
734 738 839 799 illo
869 737 1059 800 altero
1087 756 1329 817 genere,
1377 740 1439 799 in
1471 757 1591 819 quo
1619 737 1768 800 nulli
1807 736 1998 800 aculei
2039 739 2531 802 contumeliarum
2573 742 2670 801 in·

434 831 623 895 erant,
656 842 893 885 causam
922 822 1084 884 illam
1108 822 1684 904 disputationemque
1706 822 1862 895 lusit,
1892 826 1978 885 sic
1999 824 2062 884 in
2085 824 2288 895 Bruto.
2320 844 2500 906 quem
2523 825 2669 886 ode-

434 917 529 971 rat
558 917 619 970 et
646 928 827 989 quem
857 908 1105 986 dignum
1133 908 1492 970 contumelia
1520 908 1835 979 iudicabat,
1877 916 2130 989 utroque
2171 928 2394 989 genere
2436 928 2669 992 pugna-

304 1016 408 1070 223
435 996 537 1056 vit.
627 994 817 1066 Quam
858 992 1043 1054 multa
1085 991 1160 1053 de
1203 992 1459 1063 balneis,
1504 1011 1652 1075 quas
1691 1011 1886 1073 nuper
1929 992 2030 1055 ille
2069 992 2444 1065 vendiderat,
2486 1013 2670 1076 quam

434 1079 621 1141 multa
651 1078 726 1139 de
756 1079 973 1138 amisse
992 1078 1351 1157 patrimonio
1375 1078 1548 1139 dixit!
1580 1086 1756 1158 atque
1777 1077 1877 1139 illa
1895 1077 2130 1152 brevia·
2162 1097 2296 1140 cum
2317 1078 2420 1141 ille
2438 1080 2670 1140 diceret

436 1169 529 1226 ‘se
557 1165 687 1224 sine
720 1180 896 1223 eausa
925 1162 1159 1232 sudare,
1163 1168 1186 1197 ’
1218 1162 1497 1224 ‘Minime
1538 1164 1776 1234 mirum,
1818 1165 2028 1243 inquit,
2069 1163 2247 1225 modo
2290 1166 2451 1225 enim
2494 1165 2671 1225 existi

436 1249 511 1310 de
558 1246 833 1309 balneis?
918 1246 1381 1308 Innumerabilia
1410 1247 1658 1309 huiusce
1687 1247 1851 1309 modi
1879 1248 2137 1318 suerunt,
2180 1247 2286 1309 sed
2317 1267 2440 1309 non
2469 1251 2670 1310 minus

433 1332 693 1394 iucunda
732 1331 833 1393 illa
878 1339 1183 1432 perpensa.
1272 1333 1419 1394 Cum
1450 1334 1609 1394 enim
1641 1334 1861 1394 Brutus
1890 1331 2038 1394 duos
2068 1332 2321 1394 lectores
2350 1335 2672 1395 excitasset

435 1425 499 1479 et
525 1416 699 1479 alteri
728 1416 802 1478 de
832 1416 1064 1477 colonia
1092 1415 1465 1478 Narbonensi
1493 1419 1690 1480 Crassi
1737 1419 2068 1479 orationem
2112 1417 2424 1497 legendam
2470 1417 2670 1479 dedis-

434 1513 544 1572 set,
565 1501 738 1563 alteri
760 1502 835 1563 de
856 1501 991 1582 lege
1013 1501 1276 1572 Servilia,
1309 1509 1527 1563 etcum
1552 1504 1851 1563 contraria
1880 1504 2040 1563 inter
2067 1520 2198 1563 sese
2227 1502 2302 1563 de
2331 1521 2399 1563 re
2427 1502 2672 1583 publica

436 1590 630 1668 capita
670 1586 1035 1657 contulisset,
1078 1595 1283 1647 noster
1323 1588 1422 1648 hic
1452 1588 1807 1648 facetissime
1837 1596 1959 1649 tres
1987 1589 2174 1667 patris
2202 1589 2374 1649 Bruti
2418 1588 2494 1647 de
2536 1590 2670 1648 iure

302 1694 411 1748 224
437 1673 595 1734 civili
645 1671 876 1734 libellos
924 1671 1118 1733 tribus
1166 1671 1451 1750 legendos
1502 1672 1681 1733 dedit.
1770 1673 1860 1733 Ex
1926 1671 2082 1734 libro
2139 1674 2363 1751 primo:
2429 1684 2669 1733 FORTR

434 1771 719 1830 RVENIT,
752 1771 844 1818 υτ
871 1771 949 1817 m
980 1769 1189 1817 vaz
1289 1769 1409 1816 A‘rl
1442 1756 2469 1828 essenus.‘13rute‚testifieatur
2499 1764 2673 1837 pater

433 1860 503 1906 se
531 1841 642 1903 tibi
669 1818 1145 1903 Privernatem?
1295 1859 1355 1902 m
1383 1840 1742 1922 reliquisse?
1819 1841 2046 1903 Deinde
2078 1859 2152 1903 ex
2180 1840 2338 1903 libro
2367 1842 2668 1903 secundo.

434 1940 515 1989 ιιι
554 1938 841 1987 anemo
881 1938 1160 1986 suanus
1203 1938 1347 1987 eoo
1388 1939 1480 1986 m»
1521 1937 1797 1987 mancus
1841 1926 2468 2006 r1n1ns.‘sapiens
2508 1926 2673 1987 vide-

434 2010 578 2071 licet
628 2010 809 2071 homo
862 2027 998 2070 cum
1047 2010 1263 2089 primis
1309 2019 1577 2071 nostrae·
1611 2012 1860 2071 civitatis
1908 2017 2084 2071 norat
2132 2010 2294 2072 bunc
2337 2012 2670 2089 gurgitem;

434 2094 754 2166 metuebat,
786 2113 880 2164 ne,
913 2112 1049 2155 cum
1075 2095 1129 2155 is
1148 2093 1296 2155 nihil
1318 2094 1586 2167 haberet,
1617 2094 1767 2156 nihil
1788 2113 1918 2156 esse
1937 2098 1993 2156 ei
2015 2085 2289 2156 relictum
2310 2102 2645 2175 putaretur.
2648 2099 2671 2128 ’

434 2180 591 2242 Tum
634 2200 708 2242 ex
749 2177 904 2241 libro
950 2180 1142 2251 tertio,
1190 2180 1255 2239 in
1296 2198 1417 2260 quo
1454 2180 1633 2241 tinem
1681 2180 1983 2241 scribendi
2023 2180 2168 2241 fecit
2221 2179 2328 2259 (tot
2371 2182 2553 2251 enim,
2604 2188 2675 2241 ut

434 2263 635 2327 audivi
663 2263 1004 2327 Scaevolam
1036 2263 1254 2336 dicere,
1286 2272 1426 2327 sunt
1451 2268 1579 2325 veri
1607 2265 1780 2326 Bruti
1807 2264 1985 2345 libri),
2017 2278 2094 2325 m
2124 2277 2416 2325 ‘rmum-1
2438 2276 2674 2327 lvoss'm

434 2363 841 2412 ansnnnms
871 2362 1016 2412 Eoo
1047 2364 1138 2411 m·
1168 2363 1445 2412 uncus
1478 2363 1732 2412 rums,
1821 2350 1971 2412 ‘Ubi
1999 2357 2138 2412 sunt
2165 2352 2222 2411 ei
2251 2349 2441 2426 fundi,
2466 2351 2669 2421 Brute,

434 2453 587 2516 quos
616 2434 726 2496 tibi
750 2443 924 2516 pater
951 2434 1206 2516 publicis
1236 2437 1681 2498 commentariis
1711 2437 2091 2515 consignatos
2132 2434 2410 2516 reliquit?
2499 2435 2673 2509 Quod

435 2689 615 2740 Weise
652 2678 685 2741 ὖ
707 2681 887 2753 σοφός
922 2688 1058 2739 nicht
1089 2690 1277 2740 anders
1312 2690 1502 2751 konne,
1604 2688 1672 2739 da
1695 2689 1780 2739 die
1803 2687 1996 2740 Schuld
2020 2689 2112 2740 des
2130 2652 2350 2738 Plancus
2376 2705 2442 2739 zu
2467 2688 2673 2740 evident

434 2758 515 2808 als
552 2757 636 2806 die
678 2754 1041 2807 heilsamen
1073 2757 1323 2807 Lehren
1370 2755 1503 2807 auch
1605 2757 1699 2806 sei.
1755 2789 1760 2795 -

434 2824 806 2889 verkfindigen.
832 2825 920 2874 Bei
938 2826 1056 2875 dem
1067 2827 1273 2906 spatern
1286 2824 1505 2891 Sprach·
1674 2826 1914 2874 existi—
1934 2824 2004 2874 du
2026 2824 2143 2875 hast
2164 2826 2290 2875 eben
2309 2833 2414 2874 erst
2435 2824 2557 2874 dein
2573 2824 2676 2874 Bn-

436 2890 696 2958 gebi-anch
712 2905 813 2941 von
837 2893 974 2942 bona
993 2893 1158 2943 dicta
1146 2908 1198 2942 ιιι
1217 2893 1332 2942 dem
1344 2892 1503 2943 Sinne

436 2972 544 3009 von
596 2959 742 3008 ‘bons
776 2957 928 3009 mots’
976 2958 1194 3010 erklarte
1239 2974 1360 3010 man
1396 2976 1505 3010 nun

434 3027 667 3091 witziger
676 3026 855 3075 Weise
871 3026 972 3075 den
982 3026 1359 3077 Ennianiscben
1371 3028 1504 3078 Vers

439 3093 582 3160 (tetr.
609 3093 769 3143 trocb.
796 3092 923 3160 cat.)
950 3108 1052 3144 von
1078 3094 1197 3145 dem
1220 3094 1504 3157 Witzbold,

438 3162 556 3213 dem
586 3162 678 3212 der
700 3162 867 3223 witz,
904 3161 1001 3211 ehe
1036 3176 1091 3211 er
1122 3161 1212 3211 ibn
1243 3161 1322 3212 los
1355 3163 1504 3228 wird,

437 3232 586 3296 arser
607 3230 685 3280 als
710 3228 906 3280 Feuer
892 3244 962 3280 ιιιι
981 3229 1169 3281 Munde
1190 3231 1389 3291 bream,
1416 3244 1502 3281 so·

438 3299 561 3350 dass
587 3313 642 3349 er
664 3296 754 3348 ihu
777 3297 1072 3365 unmoglich
1093 3298 1177 3348 ffir
1196 3298 1305 3348 sich
1327 3297 1504 3349 behal-

436 3375 524 3417 ten
549 3367 704 3417 kann.
740 3366 945 3417 Petron.
969 3364 1137 3426 mee,
1162 3375 1187 3416 1
1212 3366 1338 3416 Nam
1355 3367 1506 3418 citius

437 3434 672 3485 flammas
690 3435 929 3485 mortales
947 3448 1036 3484 ore
1056 3435 1315 3495 tenebunt,
1343 3433 1507 3494 Quam

439 3512 635 3552 secreta
658 3510 847 3567 tegant.

508 3570 666 3631 dicta,
693 3569 800 3621 Cic.
822 3570 906 3620 bei
922 3570 1142 3620 Macrob.
1163 3577 1259 3620 sat.
1281 3569 1329 3619 ῘῙ
1356 3568 1383 3619 l
1407 3569 1509 3620 ita-

441 3651 542 3700 que
565 3637 753 3700 nostri,
791 3652 909 3686 cnm
932 3638 1103 3688 omnia
1127 3651 1259 3701 quae
1281 3637 1506 3688 dixisse-

438 3719 555 3756 mus
580 3705 717 3755 dicta
739 3715 936 3767 essent,
971 3721 1103 3769 quae
1123 3705 1289 3755 facete
1313 3713 1363 3754 et
1388 3706 1506 3754 bre·

438 3775 575 3824 viter
596 3781 646 3822 et
668 3779 819 3822 acute
842 3772 997 3822 locuti
1022 3788 1272 3832 essemus,
1301 3787 1363 3822 ea
1384 3786 1508 3839 pro-

437 3841 791 3959 ρὲἰιέιιοιιιίὗιῆ
804 3839 1050 3959 ἒιέμζηαιί
1072 3842 1213 3891 dicta
1235 3839 1506 3891 voluerunt

440 3923 471 3957 a
569 3923 671 3959 am.
885 3946 899 3969 ,
951 3943 965 3957 .

508 3975 593 4036 55,
616 3984 712 4027 m.
746 3991 804 4026 ae
824 3979 936 4026 aine
959 3990 1117 4026 ema
1130 3977 1338 4027 sudare.
1373 3975 1503 4026 Bru·

440 4049 527 4091 tus
551 4042 692 4092 hatte
714 4043 824 4093 sich
846 4042 1261 4094 wahrscheinlich
1283 4044 1374 4093 mit
1397 4044 1507 4093 die·

442 4121 539 4158 sen
571 4108 786 4158 Worteu
829 4111 885 4159 in
931 4111 1126 4160 seinem
1161 4110 1299 4160 Eifer
1343 4111 1507 4162 selbst

443 4173 843 4235 unterbrochen‚
879 4192 934 4225 er
965 4176 1099 4226 habe
1122 4177 1389 4242 eigentlieh
1413 4193 1509 4242 gar

445 4239 633 4289 keinen
643 4237 834 4302 Grund,
856 4243 910 4291 in
922 4239 1175 4292 Schweiss
1195 4259 1256 4293 zu
1277 4255 1505 4310 geraten,

1607 2890 1801 2941 dehaus
1832 2892 2119 2955 verlassen,
2169 2893 2262 2942 mit
2295 2893 2413 2942 dem
2444 2891 2674 2963 Doppel-

1606 2959 1748 3017 sinn,
1786 2960 1856 3009 du
1888 2960 2110 3009 kommst
2144 2960 2274 3010 eben
2309 2968 2412 3010 erst
2435 2975 2528 3010 aus
2554 2960 2676 3010 dem

1605 3026 1771 3086 Bade,
1809 3027 1910 3076 bist
1942 3028 2052 3077 also
2077 3026 2210 3077 noch
2233 3027 2537 3093 abgekiihlt,
2561 3029 2676 3078 und

1607 3094 1676 3144 du
1718 3093 1836 3144 hast
1879 3094 2011 3144 eben
2058 3096 2177 3145 dein
2210 3095 2391 3145 letztoe
2425 3066 2537 3145 Gut’
2564 3110 2677 3145 ver-

1607 3164 1822 3212 aussern
1845 3164 2073 3215 miissen.

1674 3232 1918 3286 lectores,
1959 3228 2411 3281 Subalterndiener
2455 3230 2540 3281 bei
2572 3228 2673 3280 Ge-

1606 3297 1761 3356 rieht,
1787 3297 1872 3347 die
1895 3297 2217 3363 dergleichen
2244 3296 2543 3361 Gescha'ifte‚
2577 3298 2672 3347 wie

1607 3365 1859 3417 Verlesen
1891 3381 1992 3416 von
2017 3366 2296 3417 Urlmnden
2326 3381 2383 3416 ιι.
2407 3364 2699 3432 sonstige'n·

1610 3432 2016 3485 Schriftstiicken
2040 3450 2104 3484 zu
2128 3435 2378 3499 besorgen
2402 3432 2592 3484 hatten.

1676 3504 1943 3553 contraria
1974 3510 2101 3564 etc.,
2147 3502 2199 3552 in
2243 3500 2539 3568 politischer
2572 3500 2672 3551 Be-

1610 3567 1834 3635 ziehung
1899 3570 2142 3620 einander
2198 3569 2383 3620 widers
2421 3568 2672 3619 rechende

1609 3636 1828 3700 Stellen,
1865 3636 2014 3687 theils
2045 3652 2134 3687 um
2168 3638 2347 3687 seinen
2418 3651 2576 3703 egner
2596 3636 2672 3688 als

1608 3704 1912 3771 zweideutig
1929 3705 2036 3756 und
2052 3704 2443 3770 unzuverlassig
2468 3721 2535 3754 zu
2551 3704 2672 3754 cha-

1604 3773 1987 3834 rakterisieren‚
2033 3770 2184 3823 theils
2219 3787 2308 3822 um
2335 3771 2569 3838 augleich
2593 3772 2673 3823 die

1605 3839 1839 3903 Richter,
1876 3842 1959 3890 die
1993 3842 2046 3889 in
2081 3841 2172 3890 der
2195 3841 2344 3891 einen
2367 3841 2511 3890 Rede
2535 3840 2675 3891 stark

1605 3909 1920 3974 angegriffen
1931 3922 2121 3972 waren,
2143 3922 2311 3974 gegen
2332 3907 2423 3958 ihu
2443 3922 2509 3958 zu
2527 3908 2672 3958 stim-

1606 3991 1743 4035 men‚
1769 3976 1902 4026 Einl.
1930 3977 1952 4025 1
1975 3976 2007 4038 §
2034 3974 2116 4035 10,
2142 3983 2210 4027 86.

1673 4052 1767 4097 224.
1802 4045 2022 4108 publicis
2042 4044 2429 4106 commentariis,
2454 4040 2673 4094 niimlich

1608 4112 1735 4160 eben
1767 4111 1823 4160 in
1847 4112 2022 4162 diesen
2044 4125 2143 4161 von
2162 4111 2350 4162 Brutus
2373 4112 2534 4163 Vater
2554 4110 2672 4160 her-

1608 4179 1999 4243 ausgegebenen
2047 4179 2154 4229 drei
2188 4177 2421 4229 Biichern
2467 4180 2534 4230 de
2565 4180 2674 4230 iure

1608 4245 1762 4297 civili.
1808 4248 2192 4307 comentur-2⁰12,
2218 4247 2241 4296 Ι
2263 4247 2314 4308 2,
2338 4256 2381 4298 5.
