<?xml version="1.0" encoding="UTF-8"?>
<!DOCTYPE html PUBLIC "-//W3C//DTD XHTML 1.0 Transitional//EN"
    "http://www.w3.org/TR/xhtml1/DTD/xhtml1-transitional.dtd">
<html xmlns="http://www.w3.org/1999/xhtml" xml:lang="en" lang="en">
 <head>
  <title>
</title>
<meta http-equiv="Content-Type" content="text/html;charset=utf-8" />
  <meta name='ocr-system' content='tesseract 3.04.00' />
  <meta name='ocr-capabilities' content='ocr_page ocr_carea ocr_par ocr_line ocrx_word'/>
</head>
<body>
  <div class='ocr_page' id='page_1' title='image "./deoratore00pidegoog_0117.png"; bbox 0 0 2930 4693; ppageno 0'>
   <div class='ocr_carea' id='block_1_1' title="bbox 825 214 2527 285">
    <p class='ocr_par' dir='ltr' id='par_1_1' title="bbox 825 214 2527 285">
     <span class='ocr_line' id='line_1_1' title="bbox 825 214 2527 285; baseline -0.002 -9"><span class='ocrx_word' id='word_1_1' title='bbox 825 216 923 278; x_wconf 88' lang='lat' dir='ltr'><strong>DE</strong></span> <span class='ocrx_word' id='word_1_2' title='bbox 954 214 1361 279; x_wconf 84' lang='lat' dir='ltr'><strong>ORATOREI</strong></span> <span class='ocrx_word' id='word_1_3' title='bbox 1407 214 1510 277; x_wconf 87' lang='lat'><strong>30.</strong></span> <span class='ocrx_word' id='word_1_4' title='bbox 1542 214 1642 276; x_wconf 88' lang='grc'><strong>31.</strong></span> <span class='ocrx_word' id='word_1_5' title='bbox 1677 221 1984 276; x_wconf 79' lang='lat'><strong>134—137.</strong></span> <span class='ocrx_word' id='word_1_6' title='bbox 2444 222 2527 285; x_wconf 86' lang='lat'><strong>49</strong></span> 
     </span>
    </p>
   </div>
   <div class='ocr_carea' id='block_1_2' title="bbox 302 386 2524 555">
    <p class='ocr_par' dir='ltr' id='par_1_2' title="bbox 302 386 2524 555">
     <span class='ocr_line' id='line_1_2' title="bbox 302 386 2524 469; baseline -0 -20"><span class='ocrx_word' id='word_1_7' title='bbox 302 407 451 469; x_wconf 90' lang='lat' dir='ltr'><strong>quae</strong></span> <span class='ocrx_word' id='word_1_8' title='bbox 503 405 536 448; x_wconf 91' lang='lat' dir='ltr'><strong>a</strong></span> <span class='ocrx_word' id='word_1_9' title='bbox 578 395 787 448; x_wconf 90' lang='lat' dir='ltr'><strong>natura</strong></span> <span class='ocrx_word' id='word_1_10' title='bbox 835 387 1162 467; x_wconf 88' lang='lat' dir='ltr'><strong>expetenda</strong></span> <span class='ocrx_word' id='word_1_11' title='bbox 1203 394 1366 457; x_wconf 89' lang='lat' dir='ltr'><strong>sunt,</strong></span> <span class='ocrx_word' id='word_1_12' title='bbox 1421 405 1492 448; x_wconf 86' lang='lat' dir='ltr'><strong>ea</strong></span> <span class='ocrx_word' id='word_1_13' title='bbox 1532 386 1678 448; x_wconf 90' lang='lat' dir='ltr'><strong>dicis</strong></span> <span class='ocrx_word' id='word_1_14' title='bbox 1718 404 1837 448; x_wconf 90' lang='lat' dir='ltr'><strong>non</strong></span> <span class='ocrx_word' id='word_1_15' title='bbox 1879 387 2057 449; x_wconf 90' lang='lat' dir='ltr'><strong>nimis</strong></span> <span class='ocrx_word' id='word_1_16' title='bbox 2098 386 2304 449; x_wconf 85' lang='lat' dir='ltr'><strong>deesse</strong></span> <span class='ocrx_word' id='word_1_17' title='bbox 2333 388 2524 460; x_wconf 79' lang='lat' dir='ltr'><strong>nobiS,</strong></span> 
     </span>
     <span class='ocr_line' id='line_1_3' title="bbox 304 471 1620 555; baseline 0 -20"><span class='ocrx_word' id='word_1_18' title='bbox 304 473 442 555; x_wconf 91' lang='lat' dir='ltr'><strong>quid</strong></span> <span class='ocrx_word' id='word_1_19' title='bbox 474 478 785 553; x_wconf 90' lang='lat' dir='ltr'><strong>praeterea</strong></span> <span class='ocrx_word' id='word_1_20' title='bbox 815 491 943 535; x_wconf 90' lang='lat' dir='ltr'><strong>esse</strong></span> <span class='ocrx_word' id='word_1_21' title='bbox 974 471 1400 534; x_wconf 81' lang='lat' dir='ltr'><strong>adsumendum</strong></span> <span class='ocrx_word' id='word_1_22' title='bbox 1430 478 1620 553; x_wconf 88' lang='lat' dir='ltr'><strong>putes.</strong></span> 
     </span>
    </p>
   </div>
   <div class='ocr_carea' id='block_1_3' title="bbox 469 553 2693 638">
    <p class='ocr_par' dir='ltr' id='par_1_3' title="bbox 469 553 2693 638">
     <span class='ocr_line' id='line_1_4' title="bbox 469 553 2693 638; baseline -0.001 -20"><span class='ocrx_word' id='word_1_23' title='bbox 469 558 620 619; x_wconf 90' lang='lat' dir='ltr'><strong>Tum</strong></span> <span class='ocrx_word' id='word_1_24' title='bbox 652 554 963 621; x_wconf 76' lang='lat' dir='ltr'>CRASSUS</span> <span class='ocrx_word' id='word_1_25' title='bbox 1009 558 1313 630; x_wconf 79' lang='lat' dir='ltr'><strong>adridenS,</strong></span> <span class='ocrx_word' id='word_1_26' title='bbox 1366 554 1521 630; x_wconf 88' lang='lat' dir='ltr'><strong>Quid</strong></span> <span class='ocrx_word' id='word_1_27' title='bbox 1564 576 1771 620; x_wconf 86' lang='lat' dir='ltr'><strong>censes</strong></span> <span class='ocrx_word' id='word_1_28' title='bbox 1793 605 1808 629; x_wconf 93' lang='lat'><strong>,</strong></span> <span class='ocrx_word' id='word_1_29' title='bbox 1840 559 2031 638; x_wconf 92' lang='lat' dir='ltr'><strong>inquit</strong></span> <span class='ocrx_word' id='word_1_30' title='bbox 2051 605 2068 630; x_wconf 89' lang='lat'><strong>,</strong></span> <span class='ocrx_word' id='word_1_31' title='bbox 2101 559 2297 629; x_wconf 87' lang='lat' dir='ltr'><strong>Cotta,</strong></span> <span class='ocrx_word' id='word_1_32' title='bbox 2350 561 2464 620; x_wconf 91' lang='lat' dir='ltr'><strong>nisi</strong></span> <span class='ocrx_word' id='word_1_33' title='bbox 2494 553 2693 628; x_wconf 81' lang='grc'><strong>30134</strong></span> 
     </span>
    </p>
   </div>
   <div class='ocr_carea' id='block_1_4' title="bbox 298 643 2526 981">
    <p class='ocr_par' dir='ltr' id='par_1_4' title="bbox 298 643 2526 981">
     <span class='ocr_line' id='line_1_5' title="bbox 301 643 2526 724; baseline 0.001 -19"><span class='ocrx_word' id='word_1_34' title='bbox 301 644 559 705; x_wconf 90' lang='lat' dir='ltr'><strong>studium</strong></span> <span class='ocrx_word' id='word_1_35' title='bbox 601 650 660 704; x_wconf 89' lang='lat' dir='ltr'><strong>et</strong></span> <span class='ocrx_word' id='word_1_36' title='bbox 699 643 971 706; x_wconf 88' lang='lat' dir='ltr'><strong>ardorem</strong></span> <span class='ocrx_word' id='word_1_37' title='bbox 1015 643 1308 724; x_wconf 82' lang='lat' dir='ltr'><strong>quendam</strong></span> <span class='ocrx_word' id='word_1_38' title='bbox 1351 644 1606 705; x_wconf 76' lang='lat' dir='ltr'><strong>amoris?</strong></span> <span class='ocrx_word' id='word_1_39' title='bbox 1646 645 1775 705; x_wconf 89' lang='lat' dir='ltr'><strong>sine</strong></span> <span class='ocrx_word' id='word_1_40' title='bbox 1816 662 1933 724; x_wconf 92' lang='lat' dir='ltr'><strong>quo</strong></span> <span class='ocrx_word' id='word_1_41' title='bbox 1977 645 2203 704; x_wconf 92' lang='lat' dir='ltr'><strong>cumin</strong></span> <span class='ocrx_word' id='word_1_42' title='bbox 2232 645 2349 705; x_wconf 86' lang='lat' dir='ltr'><strong>vita</strong></span> <span class='ocrx_word' id='word_1_43' title='bbox 2377 644 2526 707; x_wconf 87' lang='lat' dir='ltr'><strong>nihil</strong></span> 
     </span>
     <span class='ocr_line' id='line_1_6' title="bbox 301 729 2525 810; baseline 0.001 -19"><span class='ocrx_word' id='word_1_44' title='bbox 301 729 619 810; x_wconf 86' lang='lat' dir='ltr'><strong>quidquam</strong></span> <span class='ocrx_word' id='word_1_45' title='bbox 662 731 995 808; x_wconf 79' lang='lat' dir='ltr'><strong>egregium,</strong></span> <span class='ocrx_word' id='word_1_46' title='bbox 1042 736 1162 790; x_wconf 91' lang='lat' dir='ltr'><strong>tum</strong></span> <span class='ocrx_word' id='word_1_47' title='bbox 1194 734 1356 789; x_wconf 90' lang='lat' dir='ltr'><strong>certe</strong></span> <span class='ocrx_word' id='word_1_48' title='bbox 1386 729 1532 800; x_wconf 90' lang='lat' dir='ltr'><strong>hoc,</strong></span> <span class='ocrx_word' id='word_1_49' title='bbox 1585 729 1742 809; x_wconf 90' lang='lat' dir='ltr'><strong>quod</strong></span> <span class='ocrx_word' id='word_1_50' title='bbox 1781 734 1849 789; x_wconf 93' lang='lat' dir='ltr'><strong>tu</strong></span> <span class='ocrx_word' id='word_1_51' title='bbox 1878 731 2131 809; x_wconf 77' lang='lat' dir='ltr'><strong>expetiS,</strong></span> <span class='ocrx_word' id='word_1_52' title='bbox 2177 747 2354 792; x_wconf 91' lang='lat' dir='ltr'><strong>nemo</strong></span> <span class='ocrx_word' id='word_1_53' title='bbox 2394 749 2525 792; x_wconf 92' lang='lat' dir='ltr'><strong>um-</strong></span> 
     </span>
     <span class='ocr_line' id='line_1_7' title="bbox 300 813 2526 896; baseline 0 -20"><span class='ocrx_word' id='word_1_54' title='bbox 300 833 475 896; x_wconf 91' lang='lat' dir='ltr'><strong>quam</strong></span> <span class='ocrx_word' id='word_1_55' title='bbox 506 813 879 895; x_wconf 87' lang='lat' dir='ltr'><strong>adsequetur.</strong></span> <span class='ocrx_word' id='word_1_56' title='bbox 950 814 1154 896; x_wconf 82' lang='lat' dir='ltr'><strong>Neque</strong></span> <span class='ocrx_word' id='word_1_57' title='bbox 1194 832 1335 875; x_wconf 82' lang='lat' dir='ltr'><strong>vero</strong></span> <span class='ocrx_word' id='word_1_58' title='bbox 1374 832 1477 874; x_wconf 84' lang='lat' dir='ltr'><strong>vos</strong></span> <span class='ocrx_word' id='word_1_59' title='bbox 1519 813 1592 875; x_wconf 93' lang='lat' dir='ltr'><strong>ad</strong></span> <span class='ocrx_word' id='word_1_60' title='bbox 1636 832 1767 875; x_wconf 91' lang='lat' dir='ltr'><strong>eam</strong></span> <span class='ocrx_word' id='word_1_61' title='bbox 1795 832 1925 875; x_wconf 87' lang='lat' dir='ltr'><strong>rem</strong></span> <span class='ocrx_word' id='word_1_62' title='bbox 1954 813 2124 875; x_wconf 85' lang='lat' dir='ltr'><strong>video</strong></span> <span class='ocrx_word' id='word_1_63' title='bbox 2154 832 2282 876; x_wconf 88' lang='lat' dir='ltr'><strong>esse</strong></span> <span class='ocrx_word' id='word_1_64' title='bbox 2313 815 2526 878; x_wconf 90' lang='lat' dir='ltr'><strong>cohor-</strong></span> 
     </span>
     <span class='ocr_line' id='line_1_8' title="bbox 298 899 2524 981; baseline 0 -20"><span class='ocrx_word' id='word_1_65' title='bbox 298 899 535 970; x_wconf 72' lang='lat' dir='ltr'><strong>tancies,</strong></span> <span class='ocrx_word' id='word_1_66' title='bbox 569 917 745 979; x_wconf 81' lang='lat' dir='ltr'><strong>quoS‚</strong></span> <span class='ocrx_word' id='word_1_67' title='bbox 778 918 912 961; x_wconf 90' lang='lat' dir='ltr'><strong>cum</strong></span> <span class='ocrx_word' id='word_1_68' title='bbox 942 901 1088 962; x_wconf 91' lang='lat' dir='ltr'><strong>mihi</strong></span> <span class='ocrx_word' id='word_1_69' title='bbox 1116 918 1349 981; x_wconf 91' lang='lat' dir='ltr'><strong>quoque</strong></span> <span class='ocrx_word' id='word_1_70' title='bbox 1397 899 1526 961; x_wconf 85' lang='lat' dir='ltr'><strong>sitis</strong></span> <span class='ocrx_word' id='word_1_71' title='bbox 1568 899 1832 971; x_wconf 87' lang='lat' dir='ltr'><strong>molesti,</strong></span> <span class='ocrx_word' id='word_1_72' title='bbox 1865 900 2041 961; x_wconf 91' lang='lat' dir='ltr'><strong>nimis</strong></span> <span class='ocrx_word' id='word_1_73' title='bbox 2069 901 2245 962; x_wconf 88' lang='lat' dir='ltr'><strong>etiam</strong></span> <span class='ocrx_word' id='word_1_74' title='bbox 2270 900 2524 980; x_wconf 85' lang='lat' dir='ltr'><strong>flagrare</strong></span> 
     </span>
    </p>
   </div>
   <div class='ocr_carea' id='block_1_5' title="bbox 298 983 2653 1066">
    <p class='ocr_par' dir='ltr' id='par_1_5' title="bbox 298 983 2653 1066">
     <span class='ocr_line' id='line_1_9' title="bbox 298 983 2653 1066; baseline 0.002 -20"><span class='ocrx_word' id='word_1_75' title='bbox 298 983 577 1063; x_wconf 84' lang='lat' dir='ltr'><strong>intellego</strong></span> <span class='ocrx_word' id='word_1_76' title='bbox 610 984 944 1064; x_wconf 90' lang='lat' dir='ltr'><strong>cupiditate.</strong></span> <span class='ocrx_word' id='word_1_77' title='bbox 1007 984 1124 1047; x_wconf 89' lang='lat' dir='ltr'><strong>Sed</strong></span> <span class='ocrx_word' id='word_1_78' title='bbox 1151 984 1420 1065; x_wconf 81' lang='lat' dir='ltr'><strong>profecto</strong></span> <span class='ocrx_word' id='word_1_79' title='bbox 1462 984 1653 1046; x_wconf 88' lang='lat' dir='ltr'><strong>studia</strong></span> <span class='ocrx_word' id='word_1_80' title='bbox 1682 983 1830 1045; x_wconf 90' lang='lat' dir='ltr'>nihil</span> <span class='ocrx_word' id='word_1_81' title='bbox 1859 992 2110 1065; x_wconf 87' lang='lat' dir='ltr'><strong>prosunt</strong></span> <span class='ocrx_word' id='word_1_82' title='bbox 2136 987 2523 1066; x_wconf 83' lang='lat' dir='ltr'><strong>perveniendi</strong></span> <span class='ocrx_word' id='word_1_83' title='bbox 2545 999 2653 1053; x_wconf 81' lang='lat'><strong>135</strong></span> 
     </span>
    </p>
   </div>
   <div class='ocr_carea' id='block_1_6' title="bbox 296 1069 2526 1577">
    <p class='ocr_par' dir='ltr' id='par_1_6' title="bbox 296 1069 2526 1577">
     <span class='ocr_line' id='line_1_10' title="bbox 299 1069 2520 1152; baseline 0.002 -22"><span class='ocrx_word' id='word_1_84' title='bbox 299 1070 512 1151; x_wconf 87' lang='lat' dir='ltr'><strong>aliquo,</strong></span> <span class='ocrx_word' id='word_1_85' title='bbox 544 1071 658 1131; x_wconf 87' lang='lat' dir='ltr'><strong>nisi</strong></span> <span class='ocrx_word' id='word_1_86' title='bbox 684 1069 848 1139; x_wconf 90' lang='lat' dir='ltr'><strong>illud,</strong></span> <span class='ocrx_word' id='word_1_87' title='bbox 880 1071 1035 1150; x_wconf 91' lang='lat' dir='ltr'><strong>quod</strong></span> <span class='ocrx_word' id='word_1_88' title='bbox 1066 1089 1156 1141; x_wconf 92' lang='lat' dir='ltr'><strong>eo,</strong></span> <span class='ocrx_word' id='word_1_89' title='bbox 1199 1089 1316 1152; x_wconf 90' lang='lat' dir='ltr'><strong>quo</strong></span> <span class='ocrx_word' id='word_1_90' title='bbox 1345 1070 1646 1141; x_wconf 87' lang='lat' dir='ltr'><strong>intendas,</strong></span> <span class='ocrx_word' id='word_1_91' title='bbox 1688 1070 1842 1131; x_wconf 81' lang='lat' dir='ltr'><strong>ferat</strong></span> <span class='ocrx_word' id='word_1_92' title='bbox 1871 1069 2269 1149; x_wconf 85' lang='lat' dir='ltr'><strong>deducatque,</strong></span> <span class='ocrx_word' id='word_1_93' title='bbox 2302 1089 2520 1152; x_wconf 80' lang='lat' dir='ltr'><strong>cogno-</strong></span> 
     </span>
     <span class='ocr_line' id='line_1_11' title="bbox 299 1154 2526 1237; baseline 0.001 -20"><span class='ocrx_word' id='word_1_94' title='bbox 299 1158 400 1217; x_wconf 78' lang='lat' dir='ltr'><strong>ris,</strong></span> <span class='ocrx_word' id='word_1_95' title='bbox 461 1154 657 1228; x_wconf 86' lang='lat' dir='ltr'><strong>Quare</strong></span> <span class='ocrx_word' id='word_1_96' title='bbox 687 1157 965 1236; x_wconf 91' lang='lat' dir='ltr'><strong>quoniam</strong></span> <span class='ocrx_word' id='word_1_97' title='bbox 994 1156 1141 1218; x_wconf 89' lang='lat' dir='ltr'><strong>mihi</strong></span> <span class='ocrx_word' id='word_1_98' title='bbox 1169 1155 1353 1217; x_wconf 87' lang='lat' dir='ltr'><strong>levius</strong></span> <span class='ocrx_word' id='word_1_99' title='bbox 1377 1154 1674 1235; x_wconf 87' lang='lat' dir='ltr'><strong>quoddam</strong></span> <span class='ocrx_word' id='word_1_100' title='bbox 1706 1173 1856 1217; x_wconf 91' lang='lat' dir='ltr'><strong>onus</strong></span> <span class='ocrx_word' id='word_1_101' title='bbox 1896 1156 2199 1236; x_wconf 84' lang='lat' dir='ltr'><strong>imponitis</strong></span> <span class='ocrx_word' id='word_1_102' title='bbox 2229 1175 2421 1237; x_wconf 91' lang='lat' dir='ltr'><strong>neque</strong></span> <span class='ocrx_word' id='word_1_103' title='bbox 2451 1177 2526 1220; x_wconf 87' lang='lat' dir='ltr'><strong>ex</strong></span> 
     </span>
     <span class='ocr_line' id='line_1_12' title="bbox 298 1240 2523 1322; baseline 0.001 -19"><span class='ocrx_word' id='word_1_104' title='bbox 298 1260 394 1303; x_wconf 88' lang='lat' dir='ltr'><strong>me</strong></span> <span class='ocrx_word' id='word_1_105' title='bbox 424 1240 498 1301; x_wconf 92' lang='lat' dir='ltr'><strong>de</strong></span> <span class='ocrx_word' id='word_1_106' title='bbox 529 1242 782 1302; x_wconf 90' lang='lat' dir='ltr'><strong>oratoris</strong></span> <span class='ocrx_word' id='word_1_107' title='bbox 811 1247 965 1313; x_wconf 87' lang='lat' dir='ltr'><strong>arte,</strong></span> <span class='ocrx_word' id='word_1_108' title='bbox 1010 1240 1114 1302; x_wconf 91' lang='lat' dir='ltr'><strong>sed</strong></span> <span class='ocrx_word' id='word_1_109' title='bbox 1144 1241 1218 1302; x_wconf 90' lang='lat' dir='ltr'><strong>de</strong></span> <span class='ocrx_word' id='word_1_110' title='bbox 1267 1241 1378 1301; x_wconf 91' lang='lat' dir='ltr'><strong>hac</strong></span> <span class='ocrx_word' id='word_1_111' title='bbox 1419 1259 1583 1312; x_wconf 89' lang='lat' dir='ltr'><strong>mea,</strong></span> <span class='ocrx_word' id='word_1_112' title='bbox 1627 1240 2163 1322; x_wconf 88' lang='lat' dir='ltr'><strong>quantulacumque</strong></span> <span class='ocrx_word' id='word_1_113' title='bbox 2193 1249 2308 1312; x_wconf 88' lang='lat' dir='ltr'><strong>est,</strong></span> <span class='ocrx_word' id='word_1_114' title='bbox 2341 1242 2523 1305; x_wconf 86' lang='lat' dir='ltr'><strong>facul-</strong></span> 
     </span>
     <span class='ocr_line' id='line_1_13' title="bbox 297 1325 2526 1407; baseline 0.001 -19"><span class='ocrx_word' id='word_1_115' title='bbox 297 1334 416 1388; x_wconf 91' lang='lat' dir='ltr'><strong>tate</strong></span> <span class='ocrx_word' id='word_1_116' title='bbox 448 1327 747 1406; x_wconf 82' lang='lat' dir='ltr'><strong>quaeritiS‚</strong></span> <span class='ocrx_word' id='word_1_117' title='bbox 782 1344 1071 1406; x_wconf 87' lang='lat' dir='ltr'><strong>exponam</strong></span> <span class='ocrx_word' id='word_1_118' title='bbox 1102 1325 1267 1388; x_wconf 91' lang='lat' dir='ltr'><strong>vobis</strong></span> <span class='ocrx_word' id='word_1_119' title='bbox 1295 1344 1417 1387; x_wconf 90' lang='lat' dir='ltr'><strong>nou</strong></span> <span class='ocrx_word' id='word_1_120' title='bbox 1452 1326 1746 1406; x_wconf 91' lang='lat' dir='ltr'><strong>quandam</strong></span> <span class='ocrx_word' id='word_1_121' title='bbox 1780 1333 1880 1387; x_wconf 89' lang='lat' dir='ltr'><strong>aut</strong></span> <span class='ocrx_word' id='word_1_122' title='bbox 1918 1327 2395 1407; x_wconf 80' lang='lat' dir='ltr'><strong>perreconditam</strong></span> <span class='ocrx_word' id='word_1_123' title='bbox 2427 1336 2526 1390; x_wconf 87' lang='lat' dir='ltr'><strong>aut</strong></span> 
     </span>
     <span class='ocr_line' id='line_1_14' title="bbox 296 1410 2524 1490; baseline 0.001 -18"><span class='ocrx_word' id='word_1_124' title='bbox 296 1411 462 1473; x_wconf 87' lang='lat' dir='ltr'><strong>valde</strong></span> <span class='ocrx_word' id='word_1_125' title='bbox 493 1410 791 1472; x_wconf 85' lang='lat' dir='ltr'><strong>difficilem</strong></span> <span class='ocrx_word' id='word_1_126' title='bbox 822 1418 923 1473; x_wconf 89' lang='lat' dir='ltr'><strong>aut</strong></span> <span class='ocrx_word' id='word_1_127' title='bbox 949 1413 1320 1490; x_wconf 85' lang='lat' dir='ltr'><strong>magnificam</strong></span> <span class='ocrx_word' id='word_1_128' title='bbox 1351 1419 1452 1473; x_wconf 90' lang='lat' dir='ltr'><strong>aut</strong></span> <span class='ocrx_word' id='word_1_129' title='bbox 1482 1430 1718 1490; x_wconf 87' lang='lat' dir='ltr'><strong>gravem</strong></span> <span class='ocrx_word' id='word_1_130' title='bbox 1745 1412 2187 1474; x_wconf 83' lang='lat' dir='ltr'><strong>consuetudinis</strong></span> <span class='ocrx_word' id='word_1_131' title='bbox 2230 1431 2399 1475; x_wconf 89' lang='lat' dir='ltr'><strong>meae</strong></span> <span class='ocrx_word' id='word_1_132' title='bbox 2426 1432 2524 1475; x_wconf 84' lang='lat' dir='ltr'><strong>ra-</strong></span> 
     </span>
     <span class='ocr_line' id='line_1_15' title="bbox 297 1496 2524 1577; baseline 0.001 -19"><span class='ocrx_word' id='word_1_133' title='bbox 297 1499 537 1567; x_wconf 91' lang='lat' dir='ltr'><strong>tionem,</strong></span> <span class='ocrx_word' id='word_1_134' title='bbox 569 1515 684 1577; x_wconf 89' lang='lat' dir='ltr'><strong>qua</strong></span> <span class='ocrx_word' id='word_1_135' title='bbox 713 1496 1008 1577; x_wconf 90' lang='lat' dir='ltr'><strong>quondam</strong></span> <span class='ocrx_word' id='word_1_136' title='bbox 1053 1496 1257 1559; x_wconf 88' lang='lat' dir='ltr'><strong>solitus</strong></span> <span class='ocrx_word' id='word_1_137' title='bbox 1287 1514 1418 1558; x_wconf 89' lang='lat' dir='ltr'><strong>sum</strong></span> <span class='ocrx_word' id='word_1_138' title='bbox 1446 1498 1562 1567; x_wconf 91' lang='lat' dir='ltr'><strong>uti,</strong></span> <span class='ocrx_word' id='word_1_139' title='bbox 1596 1515 1731 1558; x_wconf 91' lang='lat' dir='ltr'><strong>cum</strong></span> <span class='ocrx_word' id='word_1_140' title='bbox 1759 1497 1908 1558; x_wconf 92' lang='lat' dir='ltr'><strong>mihi</strong></span> <span class='ocrx_word' id='word_1_141' title='bbox 1936 1498 2000 1558; x_wconf 91' lang='lat' dir='ltr'><strong>in</strong></span> <span class='ocrx_word' id='word_1_142' title='bbox 2028 1499 2141 1559; x_wconf 91' lang='lat' dir='ltr'><strong>isto</strong></span> <span class='ocrx_word' id='word_1_143' title='bbox 2170 1497 2365 1560; x_wconf 91' lang='lat' dir='ltr'><strong>studio</strong></span> <span class='ocrx_word' id='word_1_144' title='bbox 2392 1518 2524 1560; x_wconf 87' lang='lat' dir='ltr'><strong>ver·-</strong></span> 
     </span>
    </p>
   </div>
   <div class='ocr_carea' id='block_1_7' title="bbox 199 1581 2650 1748">
    <p class='ocr_par' dir='ltr' id='par_1_7' title="bbox 199 1581 2650 1748">
     <span class='ocr_line' id='line_1_16' title="bbox 199 1581 1073 1671; baseline -0.001 -28"><span class='ocrx_word' id='word_1_145' title='bbox 199 1647 219 1671; x_wconf 52' lang='lat'>‚</span> <span class='ocrx_word' id='word_1_146' title='bbox 298 1583 417 1643; x_wconf 87' lang='lat' dir='ltr'><strong>sari</strong></span> <span class='ocrx_word' id='word_1_147' title='bbox 448 1581 811 1643; x_wconf 89' lang='lat' dir='ltr'><strong>adulescenti</strong></span> <span class='ocrx_word' id='word_1_148' title='bbox 840 1581 1073 1643; x_wconf 87' lang='lat' dir='ltr'><strong>licebat.</strong></span> 
     </span>
     <span class='ocr_line' id='line_1_17' title="bbox 464 1664 2650 1748; baseline -0 -19"><span class='ocrx_word' id='word_1_149' title='bbox 464 1667 616 1729; x_wconf 91' lang='lat' dir='ltr'><strong>Tum</strong></span> <span class='ocrx_word' id='word_1_150' title='bbox 666 1664 1062 1745; x_wconf 81' lang='lat' dir='ltr'>SULPICIUS,</span> <span class='ocrx_word' id='word_1_151' title='bbox 1118 1666 1167 1727; x_wconf 88' lang='grc' dir='ltr'>Ο</span> <span class='ocrx_word' id='word_1_152' title='bbox 1197 1666 1385 1738; x_wconf 90' lang='lat' dir='ltr'><strong>diem,</strong></span> <span class='ocrx_word' id='word_1_153' title='bbox 1441 1667 1637 1738; x_wconf 88' lang='lat' dir='ltr'><strong>Cotta,</strong></span> <span class='ocrx_word' id='word_1_154' title='bbox 1693 1666 1897 1737; x_wconf 80' lang='lat' dir='ltr'><strong>nobiS‚</strong></span> <span class='ocrx_word' id='word_1_155' title='bbox 1948 1667 2165 1747; x_wconf 88' lang='lat' dir='ltr'><strong>inquit,</strong></span> <span class='ocrx_word' id='word_1_156' title='bbox 2220 1672 2515 1748; x_wconf 89' lang='lat' dir='ltr'><strong>optatum!</strong></span> <span class='ocrx_word' id='word_1_157' title='bbox 2552 1675 2650 1728; x_wconf 79' lang='lat'><strong>136</strong></span> 
     </span>
    </p>
   </div>
   <div class='ocr_carea' id='block_1_8' title="bbox 294 1752 2527 2092">
    <p class='ocr_par' dir='ltr' id='par_1_8' title="bbox 294 1752 2527 2092">
     <span class='ocr_line' id='line_1_18' title="bbox 296 1752 2527 1835; baseline 0.001 -21"><span class='ocrx_word' id='word_1_158' title='bbox 296 1753 466 1825; x_wconf 87' lang='lat' dir='ltr'><strong>Quod</strong></span> <span class='ocrx_word' id='word_1_159' title='bbox 490 1754 658 1835; x_wconf 45' lang='lat' dir='ltr'><strong>enim,</strong></span> <span class='ocrx_word' id='word_1_160' title='bbox 681 1769 872 1833; x_wconf 91' lang='lat' dir='ltr'><strong>neque</strong></span> <span class='ocrx_word' id='word_1_161' title='bbox 904 1752 1179 1834; x_wconf 90' lang='lat' dir='ltr'><strong>precibus</strong></span> <span class='ocrx_word' id='word_1_162' title='bbox 1206 1771 1488 1833; x_wconf 81' lang='lat' dir='ltr'><strong>umquam</strong></span> <span class='ocrx_word' id='word_1_163' title='bbox 1529 1770 1642 1830; x_wconf 81' lang='lat' dir='ltr'><strong>nec</strong></span> <span class='ocrx_word' id='word_1_164' title='bbox 1663 1752 1996 1814; x_wconf 90' lang='lat' dir='ltr'><strong>insidiando</strong></span> <span class='ocrx_word' id='word_1_165' title='bbox 2028 1771 2142 1814; x_wconf 89' lang='lat' dir='ltr'><strong>nec</strong></span> <span class='ocrx_word' id='word_1_166' title='bbox 2165 1753 2527 1833; x_wconf 91' lang='lat' dir='ltr'><strong>speculando</strong></span> 
     </span>
     <span class='ocr_line' id='line_1_19' title="bbox 296 1836 2524 1918; baseline 0.001 -19"><span class='ocrx_word' id='word_1_167' title='bbox 296 1837 542 1918; x_wconf 88' lang='lat' dir='ltr'><strong>adsequi</strong></span> <span class='ocrx_word' id='word_1_168' title='bbox 569 1839 751 1916; x_wconf 89' lang='lat' dir='ltr'><strong>potui,</strong></span> <span class='ocrx_word' id='word_1_169' title='bbox 783 1845 865 1909; x_wconf 90' lang='lat' dir='ltr'><strong>ut,</strong></span> <span class='ocrx_word' id='word_1_170' title='bbox 898 1838 1040 1918; x_wconf 89' lang='lat' dir='ltr'><strong>quid</strong></span> <span class='ocrx_word' id='word_1_171' title='bbox 1071 1837 1317 1915; x_wconf 79' lang='lat' dir='ltr'><strong>Crassus</strong></span> <span class='ocrx_word' id='word_1_172' title='bbox 1346 1843 1553 1916; x_wconf 82' lang='lat' dir='ltr'><strong>ageret</strong></span> <span class='ocrx_word' id='word_1_173' title='bbox 1579 1836 1905 1900; x_wconf 88' lang='lat' dir='ltr'><strong>meditandi</strong></span> <span class='ocrx_word' id='word_1_174' title='bbox 1936 1844 2036 1899; x_wconf 91' lang='lat' dir='ltr'><strong>aut</strong></span> <span class='ocrx_word' id='word_1_175' title='bbox 2064 1838 2300 1899; x_wconf 87' lang='lat' dir='ltr'><strong>dicendi</strong></span> <span class='ocrx_word' id='word_1_176' title='bbox 2331 1859 2524 1913; x_wconf 92' lang='lat' dir='ltr'><strong>causa,</strong></span> 
     </span>
     <span class='ocr_line' id='line_1_20' title="bbox 297 1922 2523 2006; baseline 0.002 -22"><span class='ocrx_word' id='word_1_177' title='bbox 297 1942 417 1984; x_wconf 90' lang='lat' dir='ltr'><strong>non</strong></span> <span class='ocrx_word' id='word_1_178' title='bbox 439 1922 617 1983; x_wconf 90' lang='lat' dir='ltr'><strong>modo</strong></span> <span class='ocrx_word' id='word_1_179' title='bbox 639 1922 839 1983; x_wconf 87' lang='lat' dir='ltr'><strong>videre</strong></span> <span class='ocrx_word' id='word_1_180' title='bbox 862 1923 1038 1992; x_wconf 88' lang='lat' dir='ltr'><strong>mihi,</strong></span> <span class='ocrx_word' id='word_1_181' title='bbox 1072 1922 1176 1983; x_wconf 70' lang='lat' dir='ltr'><strong>se‘d</strong></span> <span class='ocrx_word' id='word_1_182' title='bbox 1208 1940 1282 1983; x_wconf 87' lang='lat' dir='ltr'><strong>ex</strong></span> <span class='ocrx_word' id='word_1_183' title='bbox 1310 1924 1437 1983; x_wconf 92' lang='lat' dir='ltr'><strong>eius</strong></span> <span class='ocrx_word' id='word_1_184' title='bbox 1467 1923 1758 2003; x_wconf 85' lang='lat' dir='ltr'><strong>scriptore</strong></span> <span class='ocrx_word' id='word_1_185' title='bbox 1790 1931 1850 1985; x_wconf 95' lang='lat' dir='ltr'><strong>et</strong></span> <span class='ocrx_word' id='word_1_186' title='bbox 1877 1922 2101 1984; x_wconf 89' lang='lat' dir='ltr'><strong>lectore</strong></span> <span class='ocrx_word' id='word_1_187' title='bbox 2130 1923 2365 2006; x_wconf 89' lang='lat' dir='ltr'><strong>Diphilo</strong></span> <span class='ocrx_word' id='word_1_188' title='bbox 2397 1945 2523 1988; x_wconf 88' lang='lat' dir='ltr'><strong>sus-</strong></span> 
     </span>
     <span class='ocr_line' id='line_1_21' title="bbox 294 2006 2524 2092; baseline 0.002 -24"><span class='ocrx_word' id='word_1_189' title='bbox 294 2009 483 2088; x_wconf 90' lang='lat' dir='ltr'><strong>picari</strong></span> <span class='ocrx_word' id='word_1_190' title='bbox 532 2006 740 2068; x_wconf 90' lang='lat' dir='ltr'><strong>liceret</strong></span> <span class='ocrx_word' id='word_1_191' title='bbox 760 2056 776 2078; x_wconf 88' lang='lat'><strong>,</strong></span> <span class='ocrx_word' id='word_1_192' title='bbox 828 2008 889 2069; x_wconf 91' lang='lat' dir='ltr'><strong>id</strong></span> <span class='ocrx_word' id='word_1_193' title='bbox 940 2026 1116 2089; x_wconf 91' lang='lat' dir='ltr'><strong>spero</strong></span> <span class='ocrx_word' id='word_1_194' title='bbox 1174 2025 1285 2070; x_wconf 90' lang='lat' dir='ltr'><strong>nos</strong></span> <span class='ocrx_word' id='word_1_195' title='bbox 1327 2025 1456 2069; x_wconf 89' lang='lat' dir='ltr'><strong>esse</strong></span> <span class='ocrx_word' id='word_1_196' title='bbox 1498 2008 1743 2089; x_wconf 89' lang='lat' dir='ltr'><strong>adeptos</strong></span> <span class='ocrx_word' id='word_1_197' title='bbox 1784 2010 2097 2089; x_wconf 90' lang='lat' dir='ltr'><strong>omniaque</strong></span> <span class='ocrx_word' id='word_1_198' title='bbox 2126 2009 2244 2071; x_wconf 92' lang='lat' dir='ltr'><strong>iam</strong></span> <span class='ocrx_word' id='word_1_199' title='bbox 2275 2029 2350 2072; x_wconf 87' lang='lat' dir='ltr'><strong>ex</strong></span> <span class='ocrx_word' id='word_1_200' title='bbox 2376 2012 2524 2092; x_wconf 88' lang='lat' dir='ltr'><strong>ipso,</strong></span> 
     </span>
    </p>
   </div>
   <div class='ocr_carea' id='block_1_9' title="bbox 295 2092 1296 2174">
    <p class='ocr_par' dir='ltr' id='par_1_9' title="bbox 295 2092 1296 2174">
     <span class='ocr_line' id='line_1_22' title="bbox 295 2092 1296 2174; baseline 0.002 -20"><span class='ocrx_word' id='word_1_201' title='bbox 295 2112 447 2174; x_wconf 91' lang='lat' dir='ltr'><strong>quae</strong></span> <span class='ocrx_word' id='word_1_202' title='bbox 477 2092 578 2154; x_wconf 90' lang='lat' dir='ltr'><strong>diu</strong></span> <span class='ocrx_word' id='word_1_203' title='bbox 607 2094 907 2171; x_wconf 82' lang='lat' dir='ltr'><strong>cupimuS,</strong></span> <span class='ocrx_word' id='word_1_204' title='bbox 937 2095 1296 2173; x_wconf 78' lang='lat' dir='ltr'><strong>cognituros,</strong></span> 
     </span>
    </p>
   </div>
   <div class='ocr_carea' id='block_1_10' title="bbox 463 2174 2694 2260">
    <p class='ocr_par' dir='ltr' id='par_1_10' title="bbox 463 2174 2694 2260">
     <span class='ocr_line' id='line_1_23' title="bbox 463 2174 2694 2260; baseline 0.002 -21"><span class='ocrx_word' id='word_1_205' title='bbox 463 2179 615 2239; x_wconf 90' lang='lat' dir='ltr'><strong>Tum</strong></span> <span class='ocrx_word' id='word_1_206' title='bbox 646 2174 988 2241; x_wconf 79' lang='lat' dir='ltr'>CRASSUS:</span> <span class='ocrx_word' id='word_1_207' title='bbox 1020 2178 1196 2259; x_wconf 86' lang='lat' dir='ltr'><strong>Atqui</strong></span> <span class='ocrx_word' id='word_1_208' title='bbox 1225 2178 1509 2250; x_wconf 88' lang='lat' dir='ltr'><strong>arbitror,</strong></span> <span class='ocrx_word' id='word_1_209' title='bbox 1543 2177 1792 2260; x_wconf 91' lang='lat' dir='ltr'><strong>Sulpici,</strong></span> <span class='ocrx_word' id='word_1_210' title='bbox 1834 2197 1968 2240; x_wconf 92' lang='lat' dir='ltr'><strong>cum</strong></span> <span class='ocrx_word' id='word_1_211' title='bbox 2001 2179 2288 2253; x_wconf 75' lang='lat' dir='ltr'><strong>audieriS,</strong></span> <span class='ocrx_word' id='word_1_212' title='bbox 2343 2200 2466 2243; x_wconf 89' lang='lat' dir='ltr'><strong>non</strong></span> <span class='ocrx_word' id='word_1_213' title='bbox 2497 2176 2694 2254; x_wconf 80' lang='lat'><strong>31137</strong></span> 
     </span>
    </p>
   </div>
   <div class='ocr_carea' id='block_1_11' title="bbox 293 2262 2526 2686">
    <p class='ocr_par' dir='ltr' id='par_1_11' title="bbox 293 2262 2526 2686">
     <span class='ocr_line' id='line_1_24' title="bbox 293 2262 2521 2345; baseline 0.001 -19"><span class='ocrx_word' id='word_1_214' title='bbox 293 2271 414 2326; x_wconf 88' lang='lat' dir='ltr'><strong>tam</strong></span> <span class='ocrx_word' id='word_1_215' title='bbox 444 2270 504 2324; x_wconf 90' lang='lat' dir='ltr'><strong>te</strong></span> <span class='ocrx_word' id='word_1_216' title='bbox 533 2263 681 2325; x_wconf 88' lang='lat' dir='ltr'><strong>haec</strong></span> <span class='ocrx_word' id='word_1_217' title='bbox 711 2262 1135 2325; x_wconf 90' lang='lat' dir='ltr'><strong>admiraturum</strong></span> <span class='ocrx_word' id='word_1_218' title='bbox 1160 2312 1176 2335; x_wconf 94' lang='lat'><strong>,</strong></span> <span class='ocrx_word' id='word_1_219' title='bbox 1208 2281 1359 2345; x_wconf 92' lang='lat' dir='ltr'><strong>quae</strong></span> <span class='ocrx_word' id='word_1_220' title='bbox 1391 2264 1626 2336; x_wconf 82' lang='lat' dir='ltr'><strong>dixero,</strong></span> <span class='ocrx_word' id='word_1_221' title='bbox 1668 2283 1846 2345; x_wconf 89' lang='lat' dir='ltr'><strong>quam</strong></span> <span class='ocrx_word' id='word_1_222' title='bbox 1877 2265 2348 2327; x_wconf 87' lang='lat' dir='ltr'><strong>existimaturum</strong></span> <span class='ocrx_word' id='word_1_223' title='bbox 2376 2274 2521 2338; x_wconf 90' lang='lat' dir='ltr'><strong>tum,</strong></span> 
     </span>
     <span class='ocr_line' id='line_1_25' title="bbox 296 2349 2524 2431; baseline 0.002 -20"><span class='ocrx_word' id='word_1_224' title='bbox 296 2369 429 2411; x_wconf 91' lang='lat' dir='ltr'><strong>cum</strong></span> <span class='ocrx_word' id='word_1_225' title='bbox 456 2368 524 2410; x_wconf 87' lang='lat' dir='ltr'><strong>ea</strong></span> <span class='ocrx_word' id='word_1_226' title='bbox 548 2349 751 2411; x_wconf 88' lang='lat' dir='ltr'><strong>audire</strong></span> <span class='ocrx_word' id='word_1_227' title='bbox 776 2350 1053 2431; x_wconf 90' lang='lat' dir='ltr'><strong>cupiebas</strong></span> <span class='ocrx_word' id='word_1_228' title='bbox 1070 2397 1086 2418; x_wconf 89' lang='lat'><strong>,</strong></span> <span class='ocrx_word' id='word_1_229' title='bbox 1120 2368 1355 2411; x_wconf 87' lang='lat' dir='ltr'><strong>causam</strong></span> <span class='ocrx_word' id='word_1_230' title='bbox 1379 2368 1487 2411; x_wconf 91' lang='lat' dir='ltr'><strong>cur</strong></span> <span class='ocrx_word' id='word_1_231' title='bbox 1510 2369 1760 2430; x_wconf 89' lang='lat' dir='ltr'><strong>cuperes</strong></span> <span class='ocrx_word' id='word_1_232' title='bbox 1782 2369 1904 2412; x_wconf 91' lang='lat' dir='ltr'><strong>non</strong></span> <span class='ocrx_word' id='word_1_233' title='bbox 1931 2350 2131 2412; x_wconf 82' lang='lat' dir='ltr'><strong>fuisse.</strong></span> <span class='ocrx_word' id='word_1_234' title='bbox 2175 2352 2335 2413; x_wconf 90' lang='lat' dir='ltr'><strong>Nihil</strong></span> <span class='ocrx_word' id='word_1_235' title='bbox 2365 2355 2524 2416; x_wconf 90' lang='lat' dir='ltr'><strong>enim</strong></span> 
     </span>
     <span class='ocr_line' id='line_1_26' title="bbox 301 2435 2519 2516; baseline 0.001 -20"><span class='ocrx_word' id='word_1_236' title='bbox 301 2436 493 2496; x_wconf 89' lang='lat' dir='ltr'><strong>dicam</strong></span> <span class='ocrx_word' id='word_1_237' title='bbox 524 2435 912 2508; x_wconf 88' lang='lat' dir='ltr'><strong>reconditum,</strong></span> <span class='ocrx_word' id='word_1_238' title='bbox 945 2435 1093 2497; x_wconf 90' lang='lat' dir='ltr'><strong>nihil</strong></span> <span class='ocrx_word' id='word_1_239' title='bbox 1124 2438 1562 2516; x_wconf 87' lang='lat' dir='ltr'><strong>exspectatione</strong></span> <span class='ocrx_word' id='word_1_240' title='bbox 1591 2444 1785 2498; x_wconf 83' lang='lat' dir='ltr'><strong>vestra</strong></span> <span class='ocrx_word' id='word_1_241' title='bbox 1814 2435 2086 2515; x_wconf 83' lang='lat' dir='ltr'><strong>dignum,</strong></span> <span class='ocrx_word' id='word_1_242' title='bbox 2119 2436 2269 2497; x_wconf 89' lang='lat' dir='ltr'><strong>nihil</strong></span> <span class='ocrx_word' id='word_1_243' title='bbox 2299 2445 2403 2499; x_wconf 88' lang='lat' dir='ltr'><strong>aut</strong></span> <span class='ocrx_word' id='word_1_244' title='bbox 2427 2440 2519 2499; x_wconf 91' lang='lat' dir='ltr'><strong>in-</strong></span> 
     </span>
     <span class='ocr_line' id='line_1_27' title="bbox 303 2520 2526 2603; baseline 0.001 -21"><span class='ocrx_word' id='word_1_245' title='bbox 303 2520 566 2582; x_wconf 89' lang='lat' dir='ltr'><strong>auditum</strong></span> <span class='ocrx_word' id='word_1_246' title='bbox 605 2520 771 2581; x_wconf 87' lang='lat' dir='ltr'><strong>vobis</strong></span> <span class='ocrx_word' id='word_1_247' title='bbox 801 2528 902 2583; x_wconf 87' lang='lat' dir='ltr'><strong>aut</strong></span> <span class='ocrx_word' id='word_1_248' title='bbox 944 2522 1217 2602; x_wconf 87' lang='lat' dir='ltr'><strong>cuiquam</strong></span> <span class='ocrx_word' id='word_1_249' title='bbox 1247 2538 1483 2582; x_wconf 83' lang='lat' dir='ltr'><strong>novum.</strong></span> <span class='ocrx_word' id='word_1_250' title='bbox 1554 2520 1703 2583; x_wconf 89' lang='lat' dir='ltr'><strong>Nam</strong></span> <span class='ocrx_word' id='word_1_251' title='bbox 1732 2522 2025 2601; x_wconf 90' lang='lat' dir='ltr'><strong>principio</strong></span> <span class='ocrx_word' id='word_1_252' title='bbox 2046 2568 2063 2591; x_wconf 92' lang='lat'>‚</span> <span class='ocrx_word' id='word_1_253' title='bbox 2118 2521 2179 2582; x_wconf 92' lang='lat' dir='ltr'><strong>id</strong></span> <span class='ocrx_word' id='word_1_254' title='bbox 2231 2522 2389 2603; x_wconf 90' lang='lat' dir='ltr'><strong>quod</strong></span> <span class='ocrx_word' id='word_1_255' title='bbox 2436 2531 2526 2585; x_wconf 93' lang='lat' dir='ltr'><strong>est</strong></span> 
     </span>
     <span class='ocr_line' id='line_1_28' title="bbox 296 2604 2524 2686; baseline 0.002 -19"><span class='ocrx_word' id='word_1_256' title='bbox 296 2606 537 2668; x_wconf 91' lang='lat' dir='ltr'><strong>homine</strong></span> <span class='ocrx_word' id='word_1_257' title='bbox 587 2607 847 2685; x_wconf 83' lang='lat' dir='ltr'><strong>ingenuo</strong></span> <span class='ocrx_word' id='word_1_258' title='bbox 898 2604 1340 2686; x_wconf 87' lang='lat' dir='ltr'><strong>liberaliterque</strong></span> <span class='ocrx_word' id='word_1_259' title='bbox 1392 2605 1642 2667; x_wconf 89' lang='lat' dir='ltr'><strong>educato</strong></span> <span class='ocrx_word' id='word_1_260' title='bbox 1693 2606 1966 2685; x_wconf 84' lang='lat' dir='ltr'><strong>dignum,</strong></span> <span class='ocrx_word' id='word_1_261' title='bbox 2009 2623 2131 2666; x_wconf 90' lang='lat' dir='ltr'><strong>non</strong></span> <span class='ocrx_word' id='word_1_262' title='bbox 2166 2606 2398 2686; x_wconf 83' lang='lat' dir='ltr'><strong>negabo</strong></span> <span class='ocrx_word' id='word_1_263' title='bbox 2426 2627 2524 2670; x_wconf 91' lang='lat' dir='ltr'><strong>me</strong></span> 
     </span>
    </p>
   </div>
   <div class='ocr_carea' id='block_1_12' title="bbox 292 2842 1356 2909">
    <p class='ocr_par' dir='ltr' id='par_1_12' title="bbox 292 2842 1356 2909">
     <span class='ocr_line' id='line_1_29' title="bbox 292 2842 1356 2909; baseline 0 -15"><span class='ocrx_word' id='word_1_264' title='bbox 292 2844 482 2894; x_wconf 85' lang='lat' dir='ltr'><strong>wieder</strong></span> <span class='ocrx_word' id='word_1_265' title='bbox 513 2843 627 2903; x_wconf 79' lang='lat' dir='ltr'><strong>auf,</strong></span> <span class='ocrx_word' id='word_1_266' title='bbox 661 2843 770 2909; x_wconf 78' lang='lat' dir='ltr'><strong>gibt</strong></span> <span class='ocrx_word' id='word_1_267' title='bbox 803 2843 926 2894; x_wconf 74' lang='lat' dir='ltr'><strong>aber</strong></span> <span class='ocrx_word' id='word_1_268' title='bbox 959 2859 1064 2894; x_wconf 88' lang='lat' dir='ltr'><strong>nun</strong></span> <span class='ocrx_word' id='word_1_269' title='bbox 1099 2842 1228 2894; x_wconf 87' lang='lat' dir='ltr'><strong>noch</strong></span> <span class='ocrx_word' id='word_1_270' title='bbox 1264 2842 1356 2895; x_wconf 80' lang='lat' dir='ltr'><strong>das</strong></span> 
     </span>
    </p>
   </div>
   <div class='ocr_carea' id='block_1_13' title="bbox 1528 2842 2522 2907">
    <p class='ocr_par' dir='ltr' id='par_1_13' title="bbox 1528 2842 2522 2907">
     <span class='ocr_line' id='line_1_30' title="bbox 1528 2842 2522 2907; baseline 0.002 -12"><span class='ocrx_word' id='word_1_271' title='bbox 1528 2843 1639 2896; x_wconf 83' lang='lat' dir='ltr'><strong>Sed</strong></span> <span class='ocrx_word' id='word_1_272' title='bbox 1660 2851 1755 2895; x_wconf 86' lang='lat' dir='ltr'><strong>etc.</strong></span> <span class='ocrx_word' id='word_1_273' title='bbox 1797 2843 1967 2905; x_wconf 87' lang='lat' dir='ltr'><strong>Quint.</strong></span> <span class='ocrx_word' id='word_1_274' title='bbox 1991 2842 2042 2895; x_wconf 90' lang='lat' dir='ltr'>X</span> <span class='ocrx_word' id='word_1_275' title='bbox 2065 2842 2115 2904; x_wconf 89' lang='lat'><strong>7,</strong></span> <span class='ocrx_word' id='word_1_276' title='bbox 2141 2854 2166 2895; x_wconf 86' lang='lat'><strong>5</strong></span> <span class='ocrx_word' id='word_1_277' title='bbox 2188 2843 2365 2907; x_wconf 89' lang='lat' dir='ltr'><strong>Neque</strong></span> <span class='ocrx_word' id='word_1_278' title='bbox 2389 2847 2522 2897; x_wconf 88' lang='lat' dir='ltr'><strong>euim</strong></span> 
     </span>
    </p>
   </div>
   <div class='ocr_carea' id='block_1_14' title="bbox 294 2912 2525 2980">
    <p class='ocr_par' dir='ltr' id='par_1_14' title="bbox 294 2912 2525 2980">
     <span class='ocr_line' id='line_1_31' title="bbox 294 2912 2525 2980; baseline 0.001 -17"><span class='ocrx_word' id='word_1_279' title='bbox 294 2912 588 2978; x_wconf 84' lang='lat' dir='ltr'><strong>speciellere</strong></span> <span class='ocrx_word' id='word_1_280' title='bbox 599 2912 756 2962; x_wconf 85' lang='lat' dir='ltr'><strong>Motiv</strong></span> <span class='ocrx_word' id='word_1_281' title='bbox 771 2928 835 2961; x_wconf 86' lang='lat' dir='ltr'><strong>zu</strong></span> <span class='ocrx_word' id='word_1_282' title='bbox 858 2913 950 2962; x_wconf 84' lang='lat' dir='ltr'><strong>der</strong></span> <span class='ocrx_word' id='word_1_283' title='bbox 962 2912 1118 2963; x_wconf 87' lang='lat' dir='ltr'><strong>Bitte:</strong></span> <span class='ocrx_word' id='word_1_284' title='bbox 1145 2921 1202 2963; x_wconf 84' lang='lat' dir='ltr'><strong>ut</strong></span> <span class='ocrx_word' id='word_1_285' title='bbox 1212 2912 1356 2963; x_wconf 88' lang='lat' dir='ltr'><strong>nobis</strong></span> <span class='ocrx_word' id='word_1_286' title='bbox 1454 2912 1601 2979; x_wconf 81' lang='lat' dir='ltr'><strong>prius</strong></span> <span class='ocrx_word' id='word_1_287' title='bbox 1626 2912 1917 2978; x_wconf 87' lang='lat' dir='ltr'><strong>contingere</strong></span> <span class='ocrx_word' id='word_1_288' title='bbox 1942 2928 2119 2963; x_wconf 86' lang='lat' dir='ltr'><strong>cursus</strong></span> <span class='ocrx_word' id='word_1_289' title='bbox 2144 2920 2336 2979; x_wconf 83' lang='lat' dir='ltr'><strong>potest,</strong></span> <span class='ocrx_word' id='word_1_290' title='bbox 2374 2931 2525 2980; x_wconf 87' lang='lat' dir='ltr'><strong>quam</strong></span> 
     </span>
    </p>
   </div>
   <div class='ocr_carea' id='block_1_15' title="bbox 297 2980 1353 3115">
    <p class='ocr_par' dir='ltr' id='par_1_15' title="bbox 297 2980 1353 3115">
     <span class='ocr_line' id='line_1_32' title="bbox 299 2980 1353 3047; baseline 0.002 -17"><span class='ocrx_word' id='word_1_291' title='bbox 299 2980 551 3047; x_wconf 71' lang='lat' dir='ltr'><strong>expliceS,</strong></span> <span class='ocrx_word' id='word_1_292' title='bbox 591 2981 712 3046; x_wconf 88' lang='lat' dir='ltr'><strong>quid</strong></span> <span class='ocrx_word' id='word_1_293' title='bbox 742 2987 1026 3046; x_wconf 81' lang='lat' dir='ltr'><strong>praeterea</strong></span> <span class='ocrx_word' id='word_1_294' title='bbox 1060 2996 1175 3031; x_wconf 83' lang='lat' dir='ltr'><strong>esse</strong></span> <span class='ocrx_word' id='word_1_295' title='bbox 1199 2982 1353 3032; x_wconf 82' lang='lat' dir='ltr'><strong>adsu-</strong></span> 
     </span>
     <span class='ocr_line' id='line_1_33' title="bbox 297 3050 731 3115; baseline 0.005 -18"><span class='ocrx_word' id='word_1_296' title='bbox 297 3050 539 3099; x_wconf 89' lang='lat' dir='ltr'><strong>mendum</strong></span> <span class='ocrx_word' id='word_1_297' title='bbox 562 3057 731 3115; x_wconf 84' lang='lat' dir='ltr'><strong>putes.</strong></span> 
     </span>
    </p>
   </div>
   <div class='ocr_carea' id='block_1_16' title="bbox 296 3131 1355 3269">
    <p class='ocr_par' dir='ltr' id='par_1_16' title="bbox 296 3131 1355 3269">
     <span class='ocr_line' id='line_1_34' title="bbox 362 3131 1355 3201; baseline 0.002 -17"><span class='ocrx_word' id='word_1_298' title='bbox 362 3131 455 3194; x_wconf 82' lang='lat'><strong>30,</strong></span> <span class='ocrx_word' id='word_1_299' title='bbox 478 3142 574 3183; x_wconf 85' lang='grc'><strong>134.</strong></span> <span class='ocrx_word' id='word_1_300' title='bbox 618 3135 858 3186; x_wconf 79' lang='lat' dir='ltr'><strong>ardorem</strong></span> <span class='ocrx_word' id='word_1_301' title='bbox 882 3136 1130 3201; x_wconf 83' lang='lat' dir='ltr'><strong>quendam</strong></span> <span class='ocrx_word' id='word_1_302' title='bbox 1151 3135 1355 3193; x_wconf 73' lang='lat' dir='ltr'><strong>amoris,</strong></span> 
     </span>
     <span class='ocr_line' id='line_1_35' title="bbox 296 3191 1355 3269; baseline 0 -16"><span class='ocrx_word' id='word_1_303' title='bbox 296 3191 534 3268; x_wconf 71' lang='grc' dir='ltr'><strong><em>ἐρωτική</em></strong></span> <span class='ocrx_word' id='word_1_304' title='bbox 560 3218 645 3261; x_wconf 83' lang='grc' dir='ltr'><strong>τις</strong></span> <span class='ocrx_word' id='word_1_305' title='bbox 668 3202 869 3266; x_wconf 76' lang='grc' dir='ltr'><strong><em>μανία,</em></strong></span> <span class='ocrx_word' id='word_1_306' title='bbox 889 3202 1102 3253; x_wconf 82' lang='lat' dir='ltr'><strong>Phaedr.</strong></span> <span class='ocrx_word' id='word_1_307' title='bbox 1115 3218 1169 3269; x_wconf 82' lang='lat' dir='ltr'><strong>p.</strong></span> <span class='ocrx_word' id='word_1_308' title='bbox 1185 3201 1285 3253; x_wconf 83' lang='lat'><strong>265</strong></span> <span class='ocrx_word' id='word_1_309' title='bbox 1296 3202 1355 3253; x_wconf 91' lang='grc' dir='ltr'><strong>Β.</strong></span> 
     </span>
    </p>
   </div>
   <div class='ocr_carea' id='block_1_17' title="bbox 292 3286 1360 4258">
    <p class='ocr_par' dir='ltr' id='par_1_17' title="bbox 292 3286 1360 3693">
     <span class='ocr_line' id='line_1_36' title="bbox 362 3286 1357 3354; baseline 0 -17"><span class='ocrx_word' id='word_1_310' title='bbox 362 3302 503 3337; x_wconf 84' lang='lat' dir='ltr'><strong>nemo</strong></span> <span class='ocrx_word' id='word_1_311' title='bbox 529 3313 593 3323; x_wconf 94' lang='lat'><strong>—-</strong></span> <span class='ocrx_word' id='word_1_312' title='bbox 617 3302 711 3337; x_wconf 82' lang='lat' dir='ltr'><strong>aus</strong></span> <span class='ocrx_word' id='word_1_313' title='bbox 746 3288 862 3338; x_wconf 88' lang='lat' dir='ltr'><strong>dem</strong></span> <span class='ocrx_word' id='word_1_314' title='bbox 896 3288 988 3338; x_wconf 85' lang='lat' dir='ltr'><strong>der</strong></span> <span class='ocrx_word' id='word_1_315' title='bbox 1020 3288 1238 3354; x_wconf 84' lang='lat' dir='ltr'><strong>positive</strong></span> <span class='ocrx_word' id='word_1_316' title='bbox 1261 3286 1357 3337; x_wconf 84' lang='lat' dir='ltr'><strong>Be-</strong></span> 
     </span>
     <span class='ocr_line' id='line_1_37' title="bbox 292 3354 1356 3421; baseline 0.001 -17"><span class='ocrx_word' id='word_1_317' title='bbox 292 3354 414 3421; x_wconf 79' lang='lat' dir='ltr'><strong>griff</strong></span> <span class='ocrx_word' id='word_1_318' title='bbox 445 3370 510 3404; x_wconf 87' lang='lat' dir='ltr'><strong>zu</strong></span> <span class='ocrx_word' id='word_1_319' title='bbox 545 3355 660 3405; x_wconf 88' lang='lat' dir='ltr'><strong>dem</strong></span> <span class='ocrx_word' id='word_1_320' title='bbox 696 3354 818 3405; x_wconf 89' lang='lat' dir='ltr'><strong>nihil</strong></span> <span class='ocrx_word' id='word_1_321' title='bbox 846 3356 1122 3420; x_wconf 87' lang='lat' dir='ltr'><strong>quidquam</strong></span> <span class='ocrx_word' id='word_1_322' title='bbox 1144 3370 1356 3406; x_wconf 75' lang='lat' dir='ltr'><strong>vorans·</strong></span> 
     </span>
     <span class='ocr_line' id='line_1_38' title="bbox 295 3419 1359 3489; baseline -0.001 -16"><span class='ocrx_word' id='word_1_323' title='bbox 295 3419 723 3489; x_wconf 75' lang='lat' dir='ltr'><strong>znnehmenist(§</strong></span> <span class='ocrx_word' id='word_1_324' title='bbox 737 3421 886 3489; x_wconf 78' lang='lat'>111);</span> <span class='ocrx_word' id='word_1_325' title='bbox 913 3424 1049 3474; x_wconf 86' lang='lat' dir='ltr'><strong>deun</strong></span> <span class='ocrx_word' id='word_1_326' title='bbox 1070 3439 1215 3474; x_wconf 83' lang='lat' dir='ltr'><strong>wenn</strong></span> <span class='ocrx_word' id='word_1_327' title='bbox 1227 3422 1359 3474; x_wconf 82' lang='lat' dir='ltr'><strong>auch</strong></span> 
     </span>
     <span class='ocr_line' id='line_1_39' title="bbox 293 3489 1360 3557; baseline 0.001 -15"><span class='ocrx_word' id='word_1_328' title='bbox 293 3506 440 3542; x_wconf 88' lang='lat' dir='ltr'><strong>nemo</strong></span> <span class='ocrx_word' id='word_1_329' title='bbox 485 3489 608 3556; x_wconf 82' lang='lat' dir='ltr'><strong>(wie</strong></span> <span class='ocrx_word' id='word_1_330' title='bbox 652 3498 796 3542; x_wconf 86' lang='lat' dir='ltr'><strong>sonst</strong></span> <span class='ocrx_word' id='word_1_331' title='bbox 829 3489 1172 3557; x_wconf 75' lang='lat' dir='ltr'><strong>gewiihnlich)</strong></span> <span class='ocrx_word' id='word_1_332' title='bbox 1220 3491 1360 3543; x_wconf 87' lang='lat' dir='ltr'><strong>nicht</strong></span> 
     </span>
     <span class='ocr_line' id='line_1_40' title="bbox 293 3558 1358 3693; baseline 0 -83"><span class='ocrx_word' id='word_1_333' title='bbox 293 3558 787 3693; x_wconf 51' lang='lat' dir='ltr'><strong>{omfigestpglltdistf‘</strong></span> <span class='ocrx_word' id='word_1_334' title='bbox 815 3574 874 3611; x_wconf 85' lang='lat' dir='ltr'><strong>so</strong></span> <span class='ocrx_word' id='word_1_335' title='bbox 913 3558 1106 3676; x_wconf 59' lang='lat' dir='ltr'><strong>enthfflt</strong></span> <span class='ocrx_word' id='word_1_336' title='bbox 1138 3574 1193 3675; x_wconf 49' lang='lat' dir='ltr'><strong>ps</strong></span> <span class='ocrx_word' id='word_1_337' title='bbox 1227 3560 1358 3678; x_wconf 53' lang='lat' dir='ltr'><strong>diocli</strong></span> 
     </span>
    </p>

    <p class='ocr_par' dir='ltr' id='par_1_18' title="bbox 292 3642 1359 3818">
     <span class='ocr_line' id='line_1_41' title="bbox 330 3642 1358 3693; baseline 0 -15"><span class='ocrx_word' id='word_1_338' title='bbox 330 3644 392 3678; x_wconf 88' lang='lat' dir='ltr'><strong>en</strong></span> <span class='ocrx_word' id='word_1_339' title='bbox 461 3643 527 3678; x_wconf 80' lang='lat' dir='ltr'><strong>au</strong></span> <span class='ocrx_word' id='word_1_340' title='bbox 622 3643 649 3678; x_wconf 85' lang='lat' dir='ltr'><strong>e</strong></span> <span class='ocrx_word' id='word_1_341' title='bbox 688 3643 749 3678; x_wconf 83' lang='lat' dir='ltr'><strong>an</strong></span> <span class='ocrx_word' id='word_1_342' title='bbox 793 3644 851 3678; x_wconf 89' lang='lat' dir='ltr'><strong>en</strong></span> <span class='ocrx_word' id='word_1_343' title='bbox 878 3645 930 3678; x_wconf 93' lang='lat' dir='ltr'><strong>u.</strong></span> <span class='ocrx_word' id='word_1_344' title='bbox 966 3643 1029 3693; x_wconf 81' lang='lat' dir='ltr'><strong>ge</strong></span> <span class='ocrx_word' id='word_1_345' title='bbox 1108 3642 1139 3677; x_wconf 84' lang='lat' dir='ltr'><strong>a</strong></span> <span class='ocrx_word' id='word_1_346' title='bbox 1159 3642 1216 3678; x_wconf 85' lang='lat' dir='ltr'><strong>so</strong></span> <span class='ocrx_word' id='word_1_347' title='bbox 1279 3643 1358 3678; x_wconf 90' lang='lat' dir='ltr'><strong>em</strong></span> 
     </span>
     <span class='ocr_line' id='line_1_42' title="bbox 294 3645 1359 3762; baseline 0.004 -17"><span class='ocrx_word' id='word_1_348' title='bbox 294 3694 516 3746; x_wconf 84' lang='lat' dir='ltr'><strong>Gewicht</strong></span> <span class='ocrx_word' id='word_1_349' title='bbox 528 3645 670 3746; x_wconf 60' lang='lat' dir='ltr'><strong>Inach</strong></span> <span class='ocrx_word' id='word_1_350' title='bbox 694 3697 812 3747; x_wconf 89' lang='lat' dir='ltr'><strong>dem</strong></span> <span class='ocrx_word' id='word_1_351' title='bbox 847 3695 1359 3762; x_wconf 82' lang='lat' dir='ltr'><strong>vorausgeschickten</strong></span> 
     </span>
     <span class='ocr_line' id='line_1_43' title="bbox 292 3763 718 3818; baseline 0.007 -4"><span class='ocrx_word' id='word_1_352' title='bbox 292 3763 516 3814; x_wconf 82' lang='lat' dir='ltr'><strong>wirklich</strong></span> <span class='ocrx_word' id='word_1_353' title='bbox 546 3779 718 3818; x_wconf 81' lang='lat' dir='ltr'><strong>voran.</strong></span> 
     </span>
    </p>

    <p class='ocr_par' dir='ltr' id='par_1_19' title="bbox 293 3832 1360 3966">
     <span class='ocr_line' id='line_1_44' title="bbox 360 3832 1360 3896; baseline 0 -13"><span class='ocrx_word' id='word_1_354' title='bbox 360 3833 589 3891; x_wconf 77' lang='lat' dir='ltr'><strong>molesti,</strong></span> <span class='ocrx_word' id='word_1_355' title='bbox 613 3833 709 3883; x_wconf 87' lang='lat' dir='ltr'><strong>mir</strong></span> <span class='ocrx_word' id='word_1_356' title='bbox 733 3848 792 3883; x_wconf 87' lang='lat' dir='ltr'><strong>so</strong></span> <span class='ocrx_word' id='word_1_357' title='bbox 820 3838 1034 3896; x_wconf 87' lang='lat' dir='ltr'><strong>zusetzt,</strong></span> <span class='ocrx_word' id='word_1_358' title='bbox 1062 3846 1121 3883; x_wconf 82' lang='lat' dir='ltr'><strong>so</strong></span> <span class='ocrx_word' id='word_1_359' title='bbox 1143 3832 1198 3883; x_wconf 90' lang='lat' dir='ltr'><strong>in</strong></span> <span class='ocrx_word' id='word_1_360' title='bbox 1223 3832 1360 3883; x_wconf 88' lang='lat' dir='ltr'><strong>mich</strong></span> 
     </span>
     <span class='ocr_line' id='line_1_45' title="bbox 293 3900 895 3966; baseline 0 -14"><span class='ocrx_word' id='word_1_361' title='bbox 293 3901 487 3966; x_wconf 82' lang='lat' dir='ltr'><strong>dringt,</strong></span> <span class='ocrx_word' id='word_1_362' title='bbox 514 3901 611 3951; x_wconf 85' lang='lat' dir='ltr'><strong>wie</strong></span> <span class='ocrx_word' id='word_1_363' title='bbox 639 3902 686 3951; x_wconf 95' lang='lat' dir='ltr'><strong>II</strong></span> <span class='ocrx_word' id='word_1_364' title='bbox 710 3900 799 3965; x_wconf 91' lang='grc'><strong>20,</strong></span> <span class='ocrx_word' id='word_1_365' title='bbox 828 3911 895 3952; x_wconf 87' lang='grc'><strong>85.</strong></span> 
     </span>
    </p>

    <p class='ocr_par' dir='ltr' id='par_1_20' title="bbox 292 3984 1359 4258">
     <span class='ocr_line' id='line_1_46' title="bbox 361 3984 1359 4053; baseline 0.002 -18"><span class='ocrx_word' id='word_1_366' title='bbox 361 3995 451 4037; x_wconf 83' lang='grc'><strong>135.</strong></span> <span class='ocrx_word' id='word_1_367' title='bbox 492 3987 618 4036; x_wconf 87' lang='lat' dir='ltr'><strong>Zum</strong></span> <span class='ocrx_word' id='word_1_368' title='bbox 651 3984 838 4037; x_wconf 82' lang='lat' dir='ltr'><strong>rhetor.</strong></span> <span class='ocrx_word' id='word_1_369' title='bbox 864 3986 1100 4037; x_wconf 87' lang='lat' dir='ltr'><strong>Studium</strong></span> <span class='ocrx_word' id='word_1_370' title='bbox 1133 3986 1359 4053; x_wconf 66' lang='lat' dir='ltr'><strong>gehon-en</strong></span> 
     </span>
     <span class='ocr_line' id='line_1_47' title="bbox 295 4052 1355 4123; baseline 0.003 -19"><span class='ocrx_word' id='word_1_371' title='bbox 295 4053 541 4105; x_wconf 68' lang='lat' dir='ltr'><strong>zunv&#39;ichst</strong></span> <span class='ocrx_word' id='word_1_372' title='bbox 565 4053 650 4104; x_wconf 88' lang='lat' dir='ltr'><strong>die</strong></span> <span class='ocrx_word' id='word_1_373' title='bbox 673 4052 884 4104; x_wconf 86' lang='lat' dir='ltr'><strong>theoret.</strong></span> <span class='ocrx_word' id='word_1_374' title='bbox 904 4056 1012 4106; x_wconf 88' lang='lat' dir='ltr'><strong>uud</strong></span> <span class='ocrx_word' id='word_1_375' title='bbox 1037 4057 1204 4123; x_wconf 80' lang='lat' dir='ltr'><strong>prakt.</strong></span> <span class='ocrx_word' id='word_1_376' title='bbox 1224 4056 1355 4107; x_wconf 85' lang='lat' dir='ltr'><strong>Vor-</strong></span> 
     </span>
     <span class='ocr_line' id='line_1_48' title="bbox 292 4123 1355 4188; baseline 0.001 -16"><span class='ocrx_word' id='word_1_377' title='bbox 292 4124 534 4187; x_wconf 86' lang='lat' dir='ltr'><strong>iibungen</strong></span> <span class='ocrx_word' id='word_1_378' title='bbox 593 4123 718 4173; x_wconf 85' lang='lat' dir='ltr'><strong>oder</strong></span> <span class='ocrx_word' id='word_1_379' title='bbox 773 4123 1355 4188; x_wconf 75' lang='lat' dir='ltr'><strong>Progymnasmata,</strong></span> 
     </span>
     <span class='ocr_line' id='line_1_49' title="bbox 294 4190 1357 4258; baseline 0.001 -18"><span class='ocrx_word' id='word_1_380' title='bbox 294 4190 378 4240; x_wconf 85' lang='lat' dir='ltr'><strong>die</strong></span> <span class='ocrx_word' id='word_1_381' title='bbox 401 4190 481 4242; x_wconf 89' lang='lat' dir='ltr'><strong>Cr.</strong></span> <span class='ocrx_word' id='word_1_382' title='bbox 505 4191 621 4240; x_wconf 84' lang='lat' dir='ltr'><strong>wie</strong></span> <span class='ocrx_word' id='word_1_383' title='bbox 646 4205 709 4240; x_wconf 88' lang='lat' dir='ltr'><strong>er</strong></span> <span class='ocrx_word' id='word_1_384' title='bbox 732 4190 826 4241; x_wconf 78' lang='lat' dir='ltr'><strong>sie</strong></span> <span class='ocrx_word' id='word_1_385' title='bbox 851 4191 1357 4258; x_wconf 74' lang='lat' dir='ltr'><strong>durchgemacht</strong></span> 
     </span>
    </p>
   </div>
   <div class='ocr_carea' id='block_1_18' title="bbox 293 4257 930 4324">
    <p class='ocr_par' dir='ltr' id='par_1_21' title="bbox 293 4257 930 4324">
     <span class='ocr_line' id='line_1_50' title="bbox 293 4257 930 4324; baseline 0.005 -17"><span class='ocrx_word' id='word_1_386' title='bbox 293 4257 479 4324; x_wconf 63' lang='lat' dir='ltr'><strong>habe,</strong></span> <span class='ocrx_word' id='word_1_387' title='bbox 508 4258 784 4310; x_wconf 77' lang='lat' dir='ltr'><strong>daretellen</strong></span> <span class='ocrx_word' id='word_1_388' title='bbox 806 4258 930 4311; x_wconf 86' lang='lat' dir='ltr'><strong>will.</strong></span> 
     </span>
    </p>
   </div>
   <div class='ocr_carea' id='block_1_19' title="bbox 1460 2982 2524 3116">
    <p class='ocr_par' dir='ltr' id='par_1_22' title="bbox 1460 2982 2524 3116">
     <span class='ocr_line' id='line_1_51' title="bbox 1460 2982 2523 3048; baseline 0.003 -18"><span class='ocrx_word' id='word_1_389' title='bbox 1460 2982 1757 3044; x_wconf 75' lang='lat' dir='ltr'><strong>scierimuS‚</strong></span> <span class='ocrx_word' id='word_1_390' title='bbox 1797 2996 1896 3044; x_wconf 91' lang='lat' dir='ltr'><strong>quo</strong></span> <span class='ocrx_word' id='word_1_391' title='bbox 1933 2982 2000 3032; x_wconf 85' lang='lat' dir='ltr'><strong>sit</strong></span> <span class='ocrx_word' id='word_1_392' title='bbox 2025 2991 2074 3031; x_wconf 87' lang='lat' dir='ltr'><strong>et</strong></span> <span class='ocrx_word' id='word_1_393' title='bbox 2098 2996 2197 3045; x_wconf 82' lang='lat' dir='ltr'><strong>qua</strong></span> <span class='ocrx_word' id='word_1_394' title='bbox 2219 2984 2523 3048; x_wconf 86' lang='lat' dir='ltr'><strong>pervenien-</strong></span> 
     </span>
     <span class='ocr_line' id='line_1_52' title="bbox 1461 3047 2524 3116; baseline 0.003 -16"><span class='ocrx_word' id='word_1_395' title='bbox 1461 3051 1602 3100; x_wconf 86' lang='lat' dir='ltr'><strong>dum.</strong></span> <span class='ocrx_word' id='word_1_396' title='bbox 1650 3048 1969 3116; x_wconf 71' lang='lat' dir='ltr'><strong>Niigelsbach</strong></span> <span class='ocrx_word' id='word_1_397' title='bbox 1991 3049 2103 3099; x_wconf 84' lang='lat' dir='ltr'><strong>Lat.</strong></span> <span class='ocrx_word' id='word_1_398' title='bbox 2131 3048 2240 3100; x_wconf 87' lang='lat' dir='ltr'><strong>Stil.</strong></span> <span class='ocrx_word' id='word_1_399' title='bbox 2267 3047 2300 3116; x_wconf 77' lang='lat' dir='ltr'>S</span> <span class='ocrx_word' id='word_1_400' title='bbox 2324 3048 2463 3115; x_wconf 81' lang='lat'><strong>36‚1.</strong></span> <span class='ocrx_word' id='word_1_401' title='bbox 2480 3062 2524 3103; x_wconf 81' lang='lat'><strong>2.</strong></span> 
     </span>
    </p>
   </div>
   <div class='ocr_carea' id='block_1_20' title="bbox 1459 3135 2530 3470">
    <p class='ocr_par' dir='ltr' id='par_1_23' title="bbox 1459 3135 2530 3470">
     <span class='ocr_line' id='line_1_53' title="bbox 1530 3135 2529 3201; baseline 0 -15"><span class='ocrx_word' id='word_1_402' title='bbox 1530 3151 1807 3200; x_wconf 76' lang='lat' dir='ltr'><strong>exponam,</strong></span> <span class='ocrx_word' id='word_1_403' title='bbox 1818 3135 1873 3185; x_wconf 87' lang='lat' dir='ltr'><strong>in</strong></span> <span class='ocrx_word' id='word_1_404' title='bbox 1897 3137 2208 3201; x_wconf 64' lang='lat' dir='ltr'><strong>prignanter</strong></span> <span class='ocrx_word' id='word_1_405' title='bbox 2221 3135 2413 3186; x_wconf 71' lang='lat' dir='ltr'><strong>Kfirzez</strong></span> <span class='ocrx_word' id='word_1_406' title='bbox 2440 3152 2529 3186; x_wconf 86' lang='lat' dir='ltr'><strong>ex·</strong></span> 
     </span>
     <span class='ocr_line' id='line_1_54' title="bbox 1459 3203 2528 3269; baseline 0.002 -16"><span class='ocrx_word' id='word_1_407' title='bbox 1459 3217 1650 3269; x_wconf 78' lang='lat' dir='ltr'><strong>ponam</strong></span> <span class='ocrx_word' id='word_1_408' title='bbox 1681 3204 1829 3253; x_wconf 82' lang='lat' dir='ltr'><strong>vobis</strong></span> <span class='ocrx_word' id='word_1_409' title='bbox 1860 3203 2107 3253; x_wconf 82' lang='lat' dir='ltr'><strong>rationem</strong></span> <span class='ocrx_word' id='word_1_410' title='bbox 2142 3205 2528 3255; x_wconf 83' lang='lat' dir='ltr'><strong>consuetudinis</strong></span> 
     </span>
     <span class='ocr_line' id='line_1_55' title="bbox 1460 3270 2526 3336; baseline 0.001 -16"><span class='ocrx_word' id='word_1_411' title='bbox 1460 3286 1607 3322; x_wconf 78' lang='lat' dir='ltr'><strong>meae</strong></span> <span class='ocrx_word' id='word_1_412' title='bbox 1625 3285 1724 3321; x_wconf 91' lang='lat' dir='ltr'><strong>non</strong></span> <span class='ocrx_word' id='word_1_413' title='bbox 1745 3270 1998 3335; x_wconf 81' lang='lat' dir='ltr'><strong>quandam</strong></span> <span class='ocrx_word' id='word_1_414' title='bbox 2018 3279 2106 3320; x_wconf 81' lang='lat' dir='ltr'><strong>aut</strong></span> <span class='ocrx_word' id='word_1_415' title='bbox 2123 3273 2526 3336; x_wconf 79' lang='lat' dir='ltr'><strong>perreconditam</strong></span> 
     </span>
     <span class='ocr_line' id='line_1_56' title="bbox 1460 3337 2530 3402; baseline 0.001 -13"><span class='ocrx_word' id='word_1_416' title='bbox 1460 3347 1557 3389; x_wconf 88' lang='lat' dir='ltr'><strong>etc.</strong></span> <span class='ocrx_word' id='word_1_417' title='bbox 1595 3340 1870 3402; x_wconf 83' lang='lat' dir='ltr'><strong>rationem,</strong></span> <span class='ocrx_word' id='word_1_418' title='bbox 1915 3352 2064 3388; x_wconf 80' lang='lat' dir='ltr'><strong>wenn</strong></span> <span class='ocrx_word' id='word_1_419' title='bbox 2100 3337 2238 3387; x_wconf 88' lang='lat' dir='ltr'><strong>nicht</strong></span> <span class='ocrx_word' id='word_1_420' title='bbox 2276 3346 2403 3388; x_wconf 83' lang='lat' dir='ltr'><strong>etwa</strong></span> <span class='ocrx_word' id='word_1_421' title='bbox 2434 3354 2530 3390; x_wconf 84' lang='lat' dir='ltr'><strong>vor</strong></span> 
     </span>
     <span class='ocr_line' id='line_1_57' title="bbox 1460 3403 2408 3470; baseline 0 -12"><span class='ocrx_word' id='word_1_422' title='bbox 1460 3407 1847 3458; x_wconf 85' lang='lat' dir='ltr'><strong>consuetudinis</strong></span> <span class='ocrx_word' id='word_1_423' title='bbox 1870 3407 1967 3457; x_wconf 72' lang='lat' dir='ltr'><strong>sed</strong></span> <span class='ocrx_word' id='word_1_424' title='bbox 1986 3403 2301 3470; x_wconf 79' lang='lat' dir='ltr'><strong>ausgefallen</strong></span> <span class='ocrx_word' id='word_1_425' title='bbox 2326 3407 2408 3459; x_wconf 76' lang='lat' dir='ltr'><strong>ist.</strong></span> 
     </span>
    </p>
   </div>
   <div class='ocr_carea' id='block_1_21' title="bbox 1457 3488 2531 3966">
    <p class='ocr_par' dir='ltr' id='par_1_24' title="bbox 1457 3488 2531 3966">
     <span class='ocr_line' id='line_1_58' title="bbox 1529 3488 2526 3556; baseline 0 -14"><span class='ocrx_word' id='word_1_426' title='bbox 1529 3500 1623 3542; x_wconf 81' lang='grc'><strong>136.</strong></span> <span class='ocrx_word' id='word_1_427' title='bbox 1658 3492 1978 3551; x_wconf 70' lang='lat' dir='ltr'><strong>insidiando,</strong></span> <span class='ocrx_word' id='word_1_428' title='bbox 2020 3488 2196 3541; x_wconf 84' lang='lat' dir='ltr'><strong>schart&#39;</strong></span> <span class='ocrx_word' id='word_1_429' title='bbox 2230 3489 2526 3556; x_wconf 57' lang='lat' dir='ltr'><strong>adpossem</strong></span> 
     </span>
     <span class='ocr_line' id='line_1_59' title="bbox 1461 3556 2530 3621; baseline -0.001 -11"><span class='ocrx_word' id='word_1_430' title='bbox 1461 3561 1747 3612; x_wconf 76' lang='lat' dir='ltr'><strong>uussauern.</strong></span> <span class='ocrx_word' id='word_1_431' title='bbox 1805 3558 1888 3610; x_wconf 89' lang='lat' dir='ltr'><strong>Or.</strong></span> <span class='ocrx_word' id='word_1_432' title='bbox 1926 3556 2022 3621; x_wconf 84' lang='lat'><strong>62,</strong></span> <span class='ocrx_word' id='word_1_433' title='bbox 2058 3566 2134 3608; x_wconf 82' lang='lat'><strong>210</strong></span> <span class='ocrx_word' id='word_1_434' title='bbox 2168 3572 2271 3608; x_wconf 91' lang='lat' dir='ltr'><strong>non</strong></span> <span class='ocrx_word' id='word_1_435' title='bbox 2305 3559 2440 3608; x_wconf 85' lang='lat' dir='ltr'><strong>enim</strong></span> <span class='ocrx_word' id='word_1_436' title='bbox 2476 3559 2530 3609; x_wconf 86' lang='lat' dir='ltr'><strong>id</strong></span> 
     </span>
     <span class='ocr_line' id='line_1_60' title="bbox 1461 3627 2314 3696; baseline -0.002 -18"><span class='ocrx_word' id='word_1_437' title='bbox 1461 3629 1593 3696; x_wconf 80' lang='lat' dir='ltr'><strong>agit,</strong></span> <span class='ocrx_word' id='word_1_438' title='bbox 1620 3633 1676 3678; x_wconf 89' lang='lat' dir='ltr'><strong>ut</strong></span> <span class='ocrx_word' id='word_1_439' title='bbox 1698 3627 1966 3678; x_wconf 84' lang='lat' dir='ltr'><strong>insidietur</strong></span> <span class='ocrx_word' id='word_1_440' title='bbox 1989 3634 2039 3677; x_wconf 87' lang='lat' dir='ltr'><strong>et</strong></span> <span class='ocrx_word' id='word_1_441' title='bbox 2064 3627 2314 3677; x_wconf 82' lang='lat' dir='ltr'><strong>observet.</strong></span> 
     </span>
     <span class='ocr_line' id='line_1_61' title="bbox 1525 3693 2529 3757; baseline -0.004 -9"><span class='ocrx_word' id='word_1_442' title='bbox 1525 3697 1636 3748; x_wconf 70' lang='lat' dir='ltr'><strong>seri</strong></span> <span class='ocrx_word' id='word_1_443' title='bbox 1672 3703 1812 3757; x_wconf 78' lang='lat' dir='ltr'><strong>tore,</strong></span> <span class='ocrx_word' id='word_1_444' title='bbox 1839 3695 1958 3745; x_wconf 86' lang='lat' dir='ltr'><strong>dem</strong></span> <span class='ocrx_word' id='word_1_445' title='bbox 1976 3693 2244 3745; x_wconf 88' lang='lat' dir='ltr'><strong>Schreiber</strong></span> <span class='ocrx_word' id='word_1_446' title='bbox 2265 3694 2374 3745; x_wconf 90' lang='lat' dir='ltr'><strong>und</strong></span> <span class='ocrx_word' id='word_1_447' title='bbox 2396 3696 2529 3745; x_wconf 89' lang='lat' dir='ltr'><strong>Vor-</strong></span> 
     </span>
     <span class='ocr_line' id='line_1_62' title="bbox 1459 3713 2526 3830; baseline -0.002 -15"><span class='ocrx_word' id='word_1_448' title='bbox 1459 3765 1597 3816; x_wconf 80' lang='lat' dir='ltr'><strong>leser</strong></span> <span class='ocrx_word' id='word_1_449' title='bbox 1621 3713 2041 3830; x_wconf 59' lang='grc' dir='ltr'><strong><em>ὥναγνωστής)</em></strong></span> <span class='ocrx_word' id='word_1_450' title='bbox 2064 3762 2316 3828; x_wconf 78' lang='lat' dir='ltr'><strong>Diphilus,</strong></span> <span class='ocrx_word' id='word_1_451' title='bbox 2338 3764 2431 3813; x_wconf 88' lang='lat' dir='ltr'><strong>wie</strong></span> <span class='ocrx_word' id='word_1_452' title='bbox 2448 3764 2526 3813; x_wconf 84' lang='lat' dir='ltr'><strong>sie</strong></span> 
     </span>
     <span class='ocr_line' id='line_1_63' title="bbox 1461 3830 2531 3883; baseline -0.002 0"><span class='ocrx_word' id='word_1_453' title='bbox 1461 3834 1546 3883; x_wconf 89' lang='lat' dir='ltr'><strong>die</strong></span> <span class='ocrx_word' id='word_1_454' title='bbox 1567 3832 1881 3883; x_wconf 85' lang='lat' dir='ltr'><strong>vornehmen</strong></span> <span class='ocrx_word' id='word_1_455' title='bbox 1891 3832 2078 3881; x_wconf 67' lang='lat' dir='ltr'><strong>Romer</strong></span> <span class='ocrx_word' id='word_1_456' title='bbox 2099 3831 2151 3880; x_wconf 91' lang='lat' dir='ltr'><strong>in</strong></span> <span class='ocrx_word' id='word_1_457' title='bbox 2178 3830 2337 3880; x_wconf 87' lang='lat' dir='ltr'><strong>ihrem</strong></span> <span class='ocrx_word' id='word_1_458' title='bbox 2350 3831 2531 3882; x_wconf 82' lang='lat' dir='ltr'><strong>Dienst</strong></span> 
     </span>
     <span class='ocr_line' id='line_1_64' title="bbox 1457 3897 2448 3966; baseline -0.002 -14"><span class='ocrx_word' id='word_1_459' title='bbox 1457 3902 1635 3952; x_wconf 83' lang='lat' dir='ltr'><strong>hatten</strong></span> <span class='ocrx_word' id='word_1_460' title='bbox 1661 3898 1818 3966; x_wconf 85' lang='lat' dir='ltr'><strong>(servi</strong></span> <span class='ocrx_word' id='word_1_461' title='bbox 1840 3899 2044 3950; x_wconf 85' lang='lat' dir='ltr'><strong>litterati</strong></span> <span class='ocrx_word' id='word_1_462' title='bbox 2068 3898 2210 3949; x_wconf 83' lang='lat' dir='ltr'><strong>Brut.</strong></span> <span class='ocrx_word' id='word_1_463' title='bbox 2235 3899 2325 3959; x_wconf 89' lang='grc'><strong>22,</strong></span> <span class='ocrx_word' id='word_1_464' title='bbox 2351 3897 2448 3963; x_wconf 87' lang='grc'><strong>87).</strong></span> 
     </span>
    </p>
   </div>
   <div class='ocr_carea' id='block_1_22' title="bbox 1457 3983 2531 4325">
    <p class='ocr_par' dir='ltr' id='par_1_25' title="bbox 1457 3983 2531 4258">
     <span class='ocr_line' id='line_1_65' title="bbox 1529 3983 2529 4051; baseline -0.003 -14"><span class='ocrx_word' id='word_1_465' title='bbox 1529 3984 1614 4050; x_wconf 83' lang='grc'><strong>31,</strong></span> <span class='ocrx_word' id='word_1_466' title='bbox 1641 3994 1734 4036; x_wconf 79' lang='grc'><strong>137.</strong></span> <span class='ocrx_word' id='word_1_467' title='bbox 1770 3986 1845 4035; x_wconf 91' lang='lat' dir='ltr'><strong>Im</strong></span> <span class='ocrx_word' id='word_1_468' title='bbox 1868 3983 2163 4051; x_wconf 81' lang='lat' dir='ltr'><strong>Folgenden</strong></span> <span class='ocrx_word' id='word_1_469' title='bbox 2184 3983 2296 4050; x_wconf 79' lang='lat' dir='ltr'><strong>gibt</strong></span> <span class='ocrx_word' id='word_1_470' title='bbox 2308 3983 2388 4035; x_wconf 91' lang='lat' dir='ltr'><strong>Cr.</strong></span> <span class='ocrx_word' id='word_1_471' title='bbox 2417 3984 2529 4034; x_wconf 87' lang='lat' dir='ltr'><strong>eine</strong></span> 
     </span>
     <span class='ocr_line' id='line_1_66' title="bbox 1458 4051 2528 4118; baseline -0.002 -13"><span class='ocrx_word' id='word_1_472' title='bbox 1458 4056 1621 4105; x_wconf 83' lang='lat' dir='ltr'><strong>kurze</strong></span> <span class='ocrx_word' id='word_1_473' title='bbox 1667 4051 1965 4105; x_wconf 80' lang='lat' dir='ltr'><strong>Uebersicht</strong></span> <span class='ocrx_word' id='word_1_474' title='bbox 2010 4053 2101 4103; x_wconf 82' lang='lat' dir='ltr'><strong>des</strong></span> <span class='ocrx_word' id='word_1_475' title='bbox 2145 4051 2528 4118; x_wconf 77' lang='lat' dir='ltr'><strong>gewiihnlichen</strong></span> 
     </span>
     <span class='ocr_line' id='line_1_67' title="bbox 1457 4120 2531 4186; baseline -0.001 -14"><span class='ocrx_word' id='word_1_476' title='bbox 1457 4122 1588 4173; x_wconf 85' lang='lat' dir='ltr'><strong>rhet.</strong></span> <span class='ocrx_word' id='word_1_477' title='bbox 1612 4120 1967 4186; x_wconf 74' lang='lat' dir='ltr'><strong>Lehrsystcms</strong></span> <span class='ocrx_word' id='word_1_478' title='bbox 1998 4136 2051 4172; x_wconf 88' lang='lat' dir='ltr'><strong>u.</strong></span> <span class='ocrx_word' id='word_1_479' title='bbox 2087 4121 2198 4171; x_wconf 76' lang='lat' dir='ltr'><strong>sein</strong></span> <span class='ocrx_word' id='word_1_480' title='bbox 2222 4121 2379 4173; x_wconf 83' lang='lat' dir='ltr'><strong>Urteil</strong></span> <span class='ocrx_word' id='word_1_481' title='bbox 2402 4123 2531 4172; x_wconf 83' lang='lat' dir='ltr'><strong>iiber</strong></span> 
     </span>
     <span class='ocr_line' id='line_1_68' title="bbox 1458 4189 2224 4258; baseline 0.001 -18"><span class='ocrx_word' id='word_1_482' title='bbox 1458 4191 1644 4240; x_wconf 86' lang='lat' dir='ltr'><strong>dessen</strong></span> <span class='ocrx_word' id='word_1_483' title='bbox 1662 4189 1984 4258; x_wconf 80' lang='lat' dir='ltr'><strong>Bedeutung.</strong></span> <span class='ocrx_word' id='word_1_484' title='bbox 2006 4189 2138 4241; x_wconf 81' lang='lat' dir='ltr'><strong>Einl.</strong></span> <span class='ocrx_word' id='word_1_485' title='bbox 2160 4190 2224 4241; x_wconf 93' lang='lat' dir='ltr'><strong>II.</strong></span> 
     </span>
    </p>

    <p class='ocr_par' dir='ltr' id='par_1_26' title="bbox 1527 4253 1889 4325">
     <span class='ocr_line' id='line_1_69' title="bbox 1527 4253 1889 4325; baseline 0.006 -16"><span class='ocrx_word' id='word_1_486' title='bbox 1527 4258 1713 4325; x_wconf 76' lang='lat' dir='ltr'><strong>Atqui,</strong></span> <span class='ocrx_word' id='word_1_487' title='bbox 1738 4253 1771 4324; x_wconf 78' lang='lat' dir='ltr'>S</span> <span class='ocrx_word' id='word_1_488' title='bbox 1796 4267 1889 4311; x_wconf 79' lang='lat'><strong>129.</strong></span> 
     </span>
    </p>
   </div>
  </div>
 </body>
</html>
