2930 4693
865 224 963 287 DE
993 223 1348 288 ORATORE
1377 222 1404 286 1
1451 222 1546 285 18.
1583 233 1648 283 77
1673 258 1729 271 -
1751 229 1837 283 82.
2381 227 2462 293 33

230 393 598 466 adiunxerit,
642 413 763 457 non
792 413 1032 475 possum
1062 395 1261 457 dicere
1291 414 1425 456 eum
1457 414 1578 456 non
1609 396 1912 475 egregium
1944 394 2239 475 quendam
2269 394 2460 456 homi-

229 498 374 541 nem
399 487 573 560 atque
609 481 1019 542 admirandum
1055 482 1215 552 fore;
1248 481 1352 543 sed
1374 482 1452 552 is,
1487 483 1539 543 si
1567 482 1699 562 quis
1729 488 1886 541 esset
1913 486 2015 541 aut
2041 481 2091 540 si
2122 482 2299 541 etiam
2328 498 2460 541 um·

226 584 411 646 quam
452 566 661 627 fuisset
701 572 801 627 aut
840 585 982 629 vero
1012 568 1062 626 si
1092 585 1221 630 esse
1251 573 1481 646 posset,
1536 574 1600 627 tu
1630 584 1790 628 esses
1820 584 1972 627 unus
2001 565 2268 646 profecto
2290 613 2306 635 ‚
2359 565 2460 644 qui

226 657 293 711 et
315 668 450 713 meo
479 651 697 713 iudicio
728 659 787 713 et
816 654 1080 713 omnium
1108 654 1201 714 vix
1232 651 1411 714 ullam
1442 653 1658 713 ceteris
1688 650 2021 712 oratoribus
2053 649 2215 730 (pace
2245 650 2459 711 horum

225 728 508 817 diierim)
539 735 775 798 laudem
805 737 1117 817 reliquisti.
1187 737 1407 798 Verum
1437 738 1489 797 si
1517 736 1626 799 tibi
1654 737 1768 816 ipsi
1797 734 1944 797 nihil
1975 734 2176 809 deest,
2209 735 2366 815 quod
2395 736 2457 795 in
2502 747 2568 798 77

219 821 570 883 forensibus
590 820 769 883 rebus
798 821 1180 903 civilibusque
1208 829 1476 885 versetur
1505 823 1647 902 quin
1677 823 1844 890 scias,
1877 839 2068 901 neque
2098 839 2229 881 eam
2259 828 2457 882 tamen

219 907 537 969 scientiam
559 955 575 977 ‚
607 925 783 987 quam
814 907 1083 987 adiungis
1111 909 1368 978 oratori,
1403 906 1746 988 complexus
1775 925 1856 979 eS,
1889 906 2190 969 videamus
2219 924 2295 967 ne
2322 906 2458 984 plus

222 993 284 1051 ei
317 990 665 1062 tribuamus,
697 1010 871 1071 quam
904 1011 1002 1055 res
1032 1001 1092 1054 et
1119 996 1333 1054 veritas
1361 994 1488 1072 ipsa
1519 992 1822 1054 concedat.

397 1076 507 1137 Hic
538 1073 876 1138 CRASSUS:
909 1078 1223 1148 Memento,
1256 1080 1475 1158 inquit,
1507 1096 1603 1139 me
1634 1095 1755 1139 non
1785 1076 1859 1138 de
1890 1095 2048 1147 mea,
2081 1075 2185 1138 sed
2216 1076 2292 1136 de
2321 1093 2455 1137 ora·
2498 1086 2568 1138 78

212 1162 375 1221 toris
423 1160 699 1223 facultate
730 1162 963 1224 dixisse.
1055 1164 1206 1235 Quid
1235 1165 1393 1225 enim
1424 1181 1534 1224 nos
1563 1171 1665 1225 aut
1693 1163 2008 1224 didicimus
2035 1169 2137 1224 aut
2164 1163 2319 1223 scire
2347 1179 2453 1241 po·

213 1247 482 1308 mimus?
527 1248 628 1327 qui
678 1254 814 1308 ante
857 1248 929 1309 ad
960 1249 1283 1328 agendum,
1337 1267 1517 1329 quam
1545 1248 1616 1309 ad
1647 1248 2123 1327 cognoscendum
2154 1249 2450 1318 venimus3

215 1349 378 1411 quos
402 1333 467 1392 in
495 1330 627 1393 foro
648 1380 664 1402 ,
697 1351 845 1412 quos
873 1335 936 1394 in
967 1333 1314 1405 ambitione,
1369 1353 1519 1414 quos
1546 1336 1608 1394 in
1640 1352 1708 1394 re
1736 1332 2003 1413 publica,
2035 1351 2182 1413 quos
2213 1334 2275 1392 in
2307 1333 2452 1393 ami-

213 1434 431 1478 corum
464 1419 715 1495 negotiis
765 1436 863 1479 res
911 1420 1036 1498 ipsa
1069 1427 1204 1480 ante
1233 1419 1526 1490 confecit,
1581 1437 1755 1499 quam
1787 1435 2095 1498 possemus
2126 1417 2346 1498 aliquid
2377 1418 2452 1480 de

211 1499 407 1563 rebus
456 1504 636 1563 tantis
686 1505 992 1583 suspicari.
1068 1505 1289 1576 Quodsi
1332 1503 1439 1565 tibi
1476 1511 1703 1565 tantum
1744 1505 1808 1565 in
1837 1502 2010 1569 nobis
2040 1503 2271 1564 videtur
2301 1521 2451 1574 esse,
2495 1507 2564 1560 79

210 1585 439 1666 quibus
468 1589 698 1649 etiamsi
725 1590 1047 1668 ingenium,
1079 1597 1146 1651 ut
1175 1597 1238 1652 tu
1266 1597 1464 1670 putaS,
1499 1607 1619 1650 non
1650 1590 1903 1650 maxime
1933 1588 2151 1658 defuit,
2184 1588 2452 1650 doctrina

209 1681 390 1732 cer-te
430 1679 491 1733 et
517 1675 702 1733 otium
744 1680 804 1733 et
830 1673 1074 1736 hercule
1116 1677 1291 1736 etiam
1323 1675 1580 1735 studium
1623 1672 1770 1735 illud
1799 1673 2064 1734 discendi
2093 1674 2449 1735 acerrimum

169 1767 176 1773 ’
209 1757 433 1818 defuit:
486 1758 627 1838 quid
660 1776 868 1823 censes
888 1805 904 1829 ,
950 1761 1001 1819 si
1041 1759 1116 1820 ad
1157 1759 1402 1821 alicuius
1440 1761 1746 1837 ingenium
1791 1757 1882 1819 vel
1910 1760 2101 1819 maius
2127 1757 2228 1819 illa
2250 1806 2266 1828 ,
2299 1777 2450 1838 quae

210 1859 331 1988 pgo
378 1859 525 1973 non?
540 1844 707 1923 attigi
728 1892 744 1914 ‚
787 1846 1176 1917 accesserint,
1229 1843 1462 1925 qualem
1513 1844 1679 1906 illum
1722 1852 1782 1905 et
1823 1850 2105 1924 quantum
2148 1850 2448 1909 oratorem

239 1934 520 1989 uturum.

389 2012 540 2074 Tum
569 2010 974 2075 ANTONIUS:
1004 2014 1230 2076 Probas
1260 2015 1406 2077 mihi
1429 2064 1444 2085 ,
1498 2016 1715 2095 inquit,
1766 2016 1907 2084 ista,
1969 2014 2179 2076 Crasse
2199 2062 2216 2086 ,
2277 2033 2427 2095 quae
2451 2012 2618 2109 1889

207 2097 392 2168 dicis,
438 2116 549 2159 nec
577 2098 810 2170 dubito,
858 2101 1003 2179 quin
1032 2099 1217 2162 multo
1246 2100 1600 2181 locupletior
1627 2102 1692 2161 in
1720 2100 1972 2162 dicendo
2000 2099 2236 2162 futurus
2263 2102 2366 2171 sit,
2397 2101 2448 2161 si

207 2185 349 2263 quis
371 2185 631 2245 omnium
655 2203 858 2245 rerum
888 2192 1064 2265 atque
1087 2188 1300 2247 artium
1325 2188 1615 2247 rationem
1640 2193 2029 2266 naturamque
2054 2185 2445 2265 comprehen-

207 2268 387 2329 derit.
461 2268 577 2329 Sed
607 2270 863 2350 primum
905 2270 966 2331 id
1009 2269 1246 2332 difficile
1276 2277 1366 2333 est
1394 2272 1580 2342 factu,
1606 2273 1980 2352 praesertim
2009 2272 2071 2330 in
2101 2270 2213 2331 hac
2244 2276 2446 2332 nostra
2488 2281 2554 2335 81

205 2356 328 2414 vita
361 2356 696 2436 nostrisque
748 2356 1262 2435 occupationibus;
1316 2357 1531 2418 deinde
1582 2355 1725 2418 illud
1769 2358 1946 2417 etiam
1979 2356 2301 2417 verendum
2334 2363 2442 2427 est,

206 2457 289 2499 ne
318 2437 734 2502 abstrahamur
784 2439 857 2502 ab
902 2441 1014 2501 hac
1044 2444 1464 2504 exercitatione
1517 2449 1576 2503 et
1617 2441 2043 2503 consuetudine
2073 2440 2310 2501 dicendi
2338 2460 2444 2520 po·

203 2523 407 2605 pulari
458 2531 519 2586 et
545 2524 787 2587 forensi.
868 2525 1041 2588 Aliud
1071 2530 1229 2589 enim
1280 2527 1428 2588 mihi
1457 2527 1754 2608 quoddam
1785 2527 2068 2587 orationis
2097 2544 2285 2606 genus
2315 2545 2444 2589 esse

203 2609 443 2671 videtur
472 2628 679 2671 eorum
710 2611 1050 2684 hominum,
1104 2613 1178 2673 de
1229 2610 1443 2692 quibus
1495 2610 1694 2692 paullo
1724 2617 1862 2672 ante
1904 2611 2129 2682 dixisti,
2177 2613 2444 2691 quamvis

203 2693 298 2755 illi
351 2702 560 2755 ornate
612 2702 671 2756 et
698 2697 957 2775 graviter
1003 2703 1105 2758 aut
1146 2698 1219 2759 de
1250 2709 1458 2759 natura
1490 2715 1692 2758 rerum
1726 2703 1826 2757 aut
1855 2696 1928 2757 de
1958 2695 2233 2758 humanis
2261 2696 2443 2758 rebus

201 2777 545 2859 loquantur.
624 2781 888 2842 Nitidum
928 2781 1221 2862 quoddam
1254 2800 1441 2862 genus
1473 2789 1562 2844 est
1589 2781 1905 2842 verborum
1939 2788 1997 2842 et
2025 2779 2242 2843 laetum
2268 2830 2283 2854 ,
2338 2781 2444 2842 sed

207 2864 543 2945 palaestrae
582 2868 769 2945 magis
812 2873 872 2927 et
902 2866 1046 2938 olei,
1101 2886 1277 2948 quam
1307 2868 1484 2929 huius
1514 2866 1697 2928 civilis
1727 2867 1937 2929 turbae
1968 2884 2037 2927 ac
2067 2866 2202 2928 fori.
2262 2867 2440 2928 Nam·
2485 2886 2562 2955 82,

205 2967 325 3031 que
356 2957 624 3030 egomet,
672 2953 774 3032 qui
802 2970 937 3013 sero
965 2971 1035 3014 ac
1063 2952 1272 3014 leviter
1303 2953 1561 3014 Graecas
1588 2952 1816 3014 litteras
1847 2953 2169 3031 attigissem
2191 3000 2208 3023 ,
2239 2961 2442 3014 tamen

275 3109 347 3152 ⁷8.
408 3101 686 3153 Crassus
742 3104 933 3154 weist
989 3087 1278 3223 dageffien
1379 3105 1756 3171 Beziehung
1790 3104 2312 3157 l'iirbedenklich
2347 3102 2441 3171 (18

205 3169 323 3222 aul
344 3169 939 3236 einenGriisseren,
964 3175 1057 3224 als
1080 3190 1145 3224 er
1217 3185 1279 3224 at
1380 3172 1715 3235 80—21‚9o).

204 3238 464 3290 werden
489 3239 908 3305 konnen,hin
934 3240 1166 3307 (Cicero)
1194 3241 1274 3302 17,
1446 3251 1516 3292 81.
1555 3238 1912 3303 dixisti549.

204 3303 444 3367 ⁷8—18,
470 3314 538 3358 80.
1445 3311 1673 3368 nitidant,
1698 3310 1790 3360 mit
1807 3308 2104 3373 Beziehung
2126 3306 2220 3359 auf
2238 3305 2453 3358 das'fol-

275 3389 380 3425 non
394 3376 598 3425 demea.
620 3374 981 3438 Einl.1§8,⁵4.
1017 3374 1273 3440 11120,·14.
1376 3379 1546 3444 gende
1583 3378 1682 3428 olei
1719 3377 1996 3443 ‘geputzt⁴,‚
2033 3378 2131 3426 wie
2165 3377 2255 3426 der
2280 3375 2458 3427 Soldat

274 3444 350 3493 ad
365 3445 635 3508 agendum,
659 3444 712 3492 in
740 3443 824 3493 die
844 3445 1025 3495 Praxis
1048 3447 1081 3508 S
1102 3444 1187 3496 94.
1212 3448 1287 3497 ad
1383 3446 1479 3496 auf
1497 3446 1589 3496 der
1610 3445 1806 3495 Parade
1828 3444 1899 3495 im
1925 3441 2211 3508 Gegensatz
2237 3460 2303 3494 zu
2337 3445 2454 3494 dem

202 3513 624 3577 coquoscendmn,
656 3528 749 3562 zur
766 3511 982 3563 Theorie
1007 3511 1278 3577 11129,111.
1384 3513 1630 3565 Soldaten
1653 3514 1723 3563 im
1743 3512 1867 3563 Feld
1890 3513 1966 3574 (iu
1992 3510 2147 3577 acie).

271 3595 360 3631 res
382 3581 519 3645 ipsa,
544 3581 615 3629 im
627 3577 918 3646 Gegensatz
941 3595 1041 3631 von
1066 3596 1168 3641 ars,
1190 3581 1281 3632 der
1450 3585 1650 3640 laetum,
1662 3581 1939 3646 gleichsam
1951 3579 2084 3630 ohne
2096 3580 2195 3630 den
2209 3578 2453 3630 Schmerz

204 3646 424 3698 Theorie
449 3662 525 3698 vo
541 3663 574 3698 n
600 3648 700 3699 den
723 3648 942 3714 Dingen.
968 3648 1000 3711 5
1024 3650 1143 3700 250.
1381 3650 1473 3701 der
1519 3649 1762 3699 Wunden
1811 3650 1878 3698 im
1924 3646 2222 3699 wirklichen
2270 3646 2460 3713 Kampt

272 3724 338 3766 79.
378 3717 638 3775 doctrina,
658 3717 787 3767 ‘sine
811 3732 913 3781 qua
937 3718 1137 3768 etiamsi
1156 3718 1278 3782 quid
1380 3717 1677 3783 (harmies).

203 3785 334 3835 bene
358 3783 544 3834 dicitur
574 3785 849 3836 adiuvante
875 3795 1081 3848 natura,
1107 3795 1276 3836 tamen
1443 3788 1761 3852 palaestrae,
1797 3798 1875 3834 wo
1911 3799 1967 3834 es
2006 3782 2139 3834 noch
2175 3783 2328 3834 keine
2352 3783 2450 3834 Ge·

202 3852 258 3902 id
296 3852 417 3917 quia
452 3852 659 3903 fortuito
694 3852 777 3914 fit,
812 3868 1016 3920 semper
1037 3862 1272 3921 paratum
1377 3853 1491 3904 fabr
1523 3854 1637 3908 hat:
1686 3868 1765 3904 wo
1802 3851 1933 3902 noch
1969 3853 2089 3902 kein
2127 3851 2243 3901 Blut
2272 3852 2452 3904 fliesst.

205 3934 432 3971 essenon
448 3918 660 3986 potest’.
685 3920 824 3972 Brut.
837 3919 923 3986 29,
937 3931 1031 3974 111.
1052 3937 1103 3988 p.
1119 3922 1271 3974 Arch.
1375 3921 1629 3973 Aehnlich
1651 3923 1747 3971 wie
1772 3921 1866 3971 das
1889 3935 2055 3986 genus
2076 3919 2449 3985 epideicticum‚

206 3988 239 4038 7
256 4024 272 4048 ,
298 3997 364 4038 15.
1376 3991 1459 4040 die
1470 3990 1766 4040 Prunkrede
1779 3988 1870 4038 der
1885 3987 2178 4054 Sophisten,
2194 3988 2264 4037 im
2277 3986 2451 4050 Oula,

273 4053 366 4118 18,
414 4064 482 4106 80.
531 4055 856 4108 Antonius
903 4057 1041 4109 hiilt
1085 4059 1226 4109 dies
1248 4074 1275 4109 e
1374 4067 1427 4108 42
1456 4057 1794 4123 geschildert:
1831 4071 2050 4123 pompae
2073 4070 2224 4118 quam
2245 4070 2451 4122 pugnae

205 4124 420 4175 ideale
465 4124 885 4191 Auffassung
941 4127 1053 4177 des
1100 4127 1269 4178 Red·
1375 4127 1575 4192 aptius,
1610 4125 1893 4190 gymnasiis
1930 4134 1980 4175 et
2002 4123 2288 4190 palaestrae
2312 4125 2452 4175 dica-

207 4206 382 4252 ners,
428 4193 545 4242 wie
580 4209 644 4244 er
677 4195 817 4244 sein
851 4194 1005 4255 soll,
1053 4196 1169 4245 wie
1211 4211 1277 4251 er
1377 4203 1484 4244 tum
1513 4193 1681 4258 (122,
1710 4202 1800 4244 14¹1.
1838 4195 1884 4243 ΙΙ
1907 4191 2003 4256 20,
2029 4191 2126 4255 84).

205 4260 356 4312 aber
387 4260 565 4310 nicht
607 4262 722 4323 ist,
768 4263 830 4313 in
864 4262 1277 4314 mehrfacher
1443 4272 1515 4317 82.
1550 4270 1766 4330 eqomet,
1804 4262 1936 4313 Einl.
1972 4264 1995 4312 1
2029 4259 2061 4326 S
2101 4259 2189 4323 ll,
2217 4269 2307 4311 108.
2365 4266 2445 4309 at-
