2930 4693
508 136 634 202 166
1088 129 1188 193 DE
1217 128 1574 192 ORATORE
1612 128 1666 191 11
1705 128 1807 192 50.
1849 135 2154 190 201—203.

510 301 674 365 omni
703 300 857 362 fama
885 317 1073 380 prope
1100 298 1468 379 fortunisque
1497 296 1853 368 decernere,
1885 295 2034 361 nihil
2061 298 2211 361 mibi
2238 300 2315 361 ad
2344 301 2738 366 existimatio-

510 404 649 449 nem
679 386 930 465 turpius,
961 384 1111 446 nihil
1140 383 1215 445 ad
1244 381 1511 445 dolorem
1543 382 1815 445 acerbius
1842 382 2114 445 accidere
2142 402 2335 463 posse,
2367 404 2548 466 quam
2574 390 2628 450 si
2657 391 2732 463 is,

510 472 613 553 qui
638 489 816 551 saepe
844 468 1217 532 alienissimis
1244 486 1278 528 a
1307 485 1433 539 me,
1486 466 1592 528 sed
1633 470 1783 530 meis
1822 474 2020 529 tamen
2059 468 2285 531 civibus
2323 469 2499 533 saluti
2527 474 2735 535 existi*-

366 572 467 627 201
507 573 708 617 marer
736 555 945 627 fuisse,
990 553 1175 616 sodali
1201 570 1336 613 meo
1366 550 1647 613 auxilium
1676 552 1836 613 ferre
1865 570 1985 613 non
2012 555 2354 632 potuissem.
2439 555 2732 621 Petebam

509 659 543 702 a
569 639 891 709 iudicibus,
923 646 990 701 ut
1014 637 1161 699 illud
1190 636 1368 698 aetati
1395 652 1594 708 meae,
1626 643 1692 698 ut
1718 636 2072 709 honoribuS,
2117 646 2181 699 ut
2207 638 2390 700 rebus
2417 643 2629 719 gestis,
2679 644 2735 704 si

505 726 689 795 iusto,
721 725 773 785 si
800 726 899 804 pio
930 721 1134 784 dolore
1163 740 1261 783 me
1291 738 1419 782 esse
1449 719 1748 782 adfectum
1777 720 2059 793 viderent,
2087 723 2518 794 concederent;
2549 745 2731 807 prae-

506 810 714 872 sertim
754 811 805 870 si
844 810 908 868 in
936 807 1066 869 aliis
1094 807 1286 868 causis
1312 803 1767 877 intellexissent,
1821 808 2016 867 omnia
2044 823 2141 868 me
2170 826 2406 887 semper
2434 828 2545 889 pro
2576 813 2730 873 ami-

507 912 715 955 corum
755 891 1062 971 pericuIiS,
1114 889 1263 952 nibil
1302 908 1583 970 umquam
1610 908 1722 969 pro
1751 908 1848 952 me
1875 892 2003 971 ipso
2033 891 2434 973 deprecatum.
2521 894 2619 956 Sic
2662 897 2732 957 in

504 978 606 1039 illa
636 979 810 1056 omni·
828 976 1172 1037 defensione
1201 983 1376 1055 atque
1407 993 1597 1046 causa,
1640 975 1799 1056 quod
1828 993 1957 1037 esse
1999 976 2061 1039 in
2090 984 2217 1038 arte
2256 980 2514 1057 positum
2556 973 2730 1041 vide-

505 1061 698 1133 batur,
722 1068 789 1123 ut
817 1061 890 1122 de
921 1060 1051 1141 lege
1079 1058 1364 1141 Appuleia
1392 1059 1670 1131 dicerem,
1701 1068 1768 1121 ut
1795 1060 1936 1141 quid
1965 1068 2120 1122 esset
2145 1062 2414 1124 minuere
2443 1064 2728 1125 maiesta-

505 1154 629 1207 tem
674 1145 1027 1225 explicarem
1046 1192 1062 1217 ,
1123 1162 1409 1225 perquam
1453 1143 1713 1205 breviter
1752 1145 2075 1224 perstrinxi
2122 1153 2297 1226 atque
2348 1148 2528 1226 attigi.
2613 1148 2743 1210 His'

507 1230 735 1292 duabus
761 1229 1030 1311 partibus
1059 1229 1358 1300 orationis,
1401 1246 1654 1309 quarum
1696 1227 1881 1292 altera
1920 1230 2490 1293 commendationem
2509 1231 2725 1305 habet,

505 1314 690 1376 altera
720 1315 1190 1385 concitationem,
1221 1332 1371 1394 quae
1399 1315 1644 1375 minime
1673 1315 2007 1395 praeceptis
2048 1316 2262 1377 artium
2290 1324 2430 1377 sunt
2457 1316 2725 1396 perpoli-

506 1406 619 1469 tae,
653 1402 845 1461 omnis
874 1408 964 1461 est
992 1418 1025 1460 a
1053 1418 1150 1461 me
1172 1397 1273 1460 illa
1297 1416 1471 1459 causa
1494 1405 1759 1471 tractata,
1791 1406 1855 1461 ut
1885 1406 1945 1459 et
1972 1400 2297 1461 acerrimus
2319 1401 2380 1460 in
2406 1401 2725 1481 Caepionis

503 1484 721 1545 invidia
749 1484 1081 1546 renovanda
1114 1490 1174 1544 et
1201 1484 1262 1545 in
1291 1485 1440 1544 meis
1467 1483 1732 1544 moribus
1762 1501 1904 1562 erga
1932 1501 2097 1545 meos
2126 1486 2493 1546 necessarios
2522 1485 2723 1547 decla-

503 1570 706 1630 randis
733 1570 1240 1631 mansuetissimus
1268 1568 1521 1631 viderer.
1606 1568 1694 1629 lta
1723 1570 1911 1648 magis
1939 1568 2186 1630 adfectis
2214 1570 2427 1631 animis
2456 1569 2725 1633 iudicum

504 1672 681 1734 quam
711 1653 899 1715 doctis
928 1661 1045 1724 tua,
1084 1651 1322 1733 Sulpici,
1355 1660 1445 1715 est
1474 1672 1508 1714 a
1537 1651 1709 1716 nobis
1740 1660 1863 1714 tum
1893 1655 2185 1715 accusatio
2214 1655 2385 1715 victa.

334 1734 535 1810 50202
704 1739 814 1800 Hic
845 1735 1237 1809 Summus,
1281 1737 1432 1799 Vere
1476 1735 1735 1809 hercule,
1767 1738 1985 1818 inquit,
2017 1738 2262 1810 Antoni,
2303 1740 2413 1799 ista
2457 1756 2723 1800 comme-

501 1841 720 1885 moras.
807 1823 957 1884 Nam
988 1841 1097 1901 ego
1127 1820 1274 1883 nihil
1304 1841 1583 1902 umquam
1611 1821 1745 1893 vidi,
1778 1822 1935 1902 quod
1964 1829 2083 1884 tam
2125 1842 2159 1884 e
2198 1822 2474 1884 manibus
2516 1822 2718 1885 elabe-

501 1914 685 1978 retur,
729 1925 904 1987 quam
938 1907 1083 1968 mihi
1111 1914 1235 1969 tum
1266 1913 1355 1968 est
1383 1906 1586 1987 elapsa.
1609 1905 1709 1968 illa
1739 1925 1931 1968 causa.
2020 1908 2166 1969 Cum
2205 1909 2391 1978 enim,
2434 1908 2720 1987 quemad-

502 1991 743 2052 modum
773 1990 986 2062 dixisti,
1019 1990 1126 2051 tibi
1156 2008 1264 2070 ego
1295 2009 1415 2052 non
1444 1991 1746 2062 iudicium,
1790 1992 1893 2053 sed
1937 1991 2278 2053 incendium
2319 1992 2718 2064 tradidissem,

501 2075 662 2156 quod
689 2082 856 2137 tuum
884 2076 1258 2156 principium,
1292 2075 1353 2135 di
1379 2076 1760 2146 immortaleS,
1792 2076 1929 2137 fuiti
1973 2078 2075 2157 qui
2101 2077 2307 2137 timor!
2349 2095 2503 2157 quae
2545 2075 2719 2138 dubi-

501 2161 670 2222 tatio!
725 2168 939 2241 quanta
993 2161 1297 2225 haesitatio
1339 2167 1676 2242 tractusque
1717 2160 2062 2223 verborum!
2122 2161 2197 2223 Ut
2236 2169 2302 2222 tu
2339 2158 2486 2222 illud
2524 2163 2718 2234 initio,

501 2245 658 2326 quod
693 2245 798 2306 tibi
825 2264 1010 2307 unum
1040 2244 1112 2307 ad
1143 2244 1569 2324 ignoscendum
1611 2246 1881 2309 homines
1922 2246 2157 2318 dabant,
2208 2247 2463 2318 tenuisti,
2505 2251 2565 2306 te
2603 2264 2719 2326 pro

499 2329 740 2391 homine
779 2332 1252 2410 pernecessario,
1297 2338 1608 2412 quaestore
1649 2337 1779 2402 tuo,
1825 2330 2047 2392 dicere!
2089 2349 2266 2412 quam
2310 2329 2417 2391 tibi
2454 2331 2721 2411 primum

359 2426 462 2481 203
502 2416 745 2476 munisti
786 2415 857 2476 ad
898 2424 957 2477 te
999 2415 1353 2476 audiendum
1393 2417 1583 2477 viam?
1639 2416 1792 2477 Ecce
1835 2423 2048 2486 autem,
2092 2434 2225 2477 cum
2269 2422 2326 2476 te
2366 2415 2515 2476 nihil
2555 2415 2721 2477 aliud

499 2500 824 2581 profecisse
854 2500 1197 2573 arbitrarer,
1242 2502 1354 2561 nisi
1384 2507 1448 2561 ut
1476 2501 1747 2562 homines
1778 2500 1883 2561 tibi
1926 2503 2111 2562 civem
2139 2499 2479 2580 improbum
2509 2500 2718 2564 defen-

499 2586 664 2647 denti
691 2586 1116 2665 ignoscendum
1158 2592 1405 2665 propter
1429 2585 1927 2647 necessitudinem
1972 2584 2425 2658 arbitrarentur,
2468 2602 2718 2665 serpere

498 2668 727 2731 occulte
775 2672 1037 2751 coepisti,
1080 2669 1370 2732 nihildum
1401 2669 1530 2730 aliis
1559 2671 2008 2750 suspicantibuS,
2052 2688 2150 2730 me
2188 2687 2330 2729 vero
2370 2671 2490 2731 iam
2528 2670 2716 2749 perti-

496 2765 826 2826 mescente,
881 2763 947 2816 ut
985 2754 1145 2815 illam
1190 2774 1310 2816 non
1349 2754 1615 2817 Norbani
1655 2754 2031 2825 seditionem,
2076 2753 2180 2815 sed
2219 2752 2424 2835 populi
2461 2754 2718 2815 Romani

1655 2990 2027 3055 Verteidigung
2048 2999 2230 3055 gesagt
2260 2989 2372 3050 hat,
2411 2991 2591 3040 besser
2622 2990 2715 3040 be-

1656 3059 1875 3123 statigen
1909 3059 2014 3107 und
2046 3057 2139 3108 auf
2168 3059 2261 3121 das
2288 3057 2458 3108 Ganze
2493 3067 2597 3107 erst
2619 3055 2715 3107 das

1657 3124 1828 3190 Siegel
1850 3125 2191 3187 aufdrfieken,
2215 3124 2292 3176 als
2319 3124 2597 3191 Sulpicius,
2622 3126 2716 3175 der

1654 3192 1811 3243 echon
1838 3194 1937 3243 den
1957 3192 2079 3258 Sieg
2100 3194 2153 3243 in
2176 3194 2270 3244 den
2293 3193 2505 3244 Handen
2534 3208 2600 3242 ιιι
2618 3192 2715 3241 ha-

433 3006 439 3015 ·
496 2989 688 3040 ioribus
725 2989 911 3040 nostris
934 2990 1248 3055 accepimus,
1271 2998 1556 3055 praetorem

496 3058 751 3122 quaestori
774 3071 868 3107 suo
892 3058 1116 3123 parentis
1141 3057 1249 3107 loeo
1269 3072 1384 3108 esse
1403 3055 1555 3123 opor-

494 3134 628 3183 tere3
674 3126 864 3176 nullam
899 3140 1063 3189 neque
1094 3125 1356 3176 iustiorem
1392 3140 1555 3188 neque

493 3193 777 3259 graviorem
802 3208 1006 3244 causam
1026 3208 1116 3243 nee
1125 3193 1556 3260 essitudinispos-

494 3276 552 3311 se
575 3262 802 3326 reperiri,
833 3276 981 3324 quam
1007 3262 1412 3312 coniunctionem
1439 3276 1553 3312 sor-

492 3329 585 3392 tis,
638 3344 787 3393 quam
821 3330 1140 3396 provinciae,
1188 3344 1343 3393 quam
1377 3328 1552 3393 officii,

493 3412 647 3462 quam
671 3396 861 3463 publici
884 3399 1110 3449 muneris
1134 3398 1447 3464 societatem.

559 3483 632 3532 ad
653 3484 903 3548 dolorem,
936 3496 1043 3532 was
1074 3481 1218 3531 mehr
1248 3483 1342 3533 das
1367 3480 1551 3533 Gefiihl

491 3550 730 3610 verletze‚
756 3552 788 3612 S
816 3549 933 3602 193.

431 3682 435 3686 .
557 3642 650 3684 201.
677 3635 803 3685 illud
818 3659 884 3670 —-
901 3633 1123 3685 nfimlich
1147 3635 1191 3684 si
1213 3635 1348 3686 iusto
1374 3634 1550 3684 dolore

489 3715 573 3749 me
606 3715 721 3751 esse
764 3702 1022 3753 adfectum
1064 3703 1312 3752 viderent.
1382 3701 1550 3751 Daher

490 3768 627 3819 steht
671 3770 1007 3820 concederent
1060 3770 1113 3819 in
1159 3769 1409 3820 manchen
1452 3770 1545 3821 Hs.

488 3837 654 3903 gleich
677 3837 844 3889 hinter
867 3839 1018 3889 rebus
1042 3839 1221 3903 gestis.

555 3924 611 3973 in
633 3929 764 3981 arte,
788 3923 820 3984 S
847 3919 945 3972 107
970 3922 1042 3982 ff.,
1066 3922 1163 3971 wie
1188 3938 1241 3972 es
1267 3921 1351 3972 die
1374 3920 1548 3973 rheto-

489 3990 659 4039 rische
681 3989 897 4040 Theorie
921 3989 1253 4041 vox-schreibt.

557 4071 641 4136 50,
665 4083 758 4126 202.
785 4074 1054 4139 Sulpicius.
1079 4075 1262 4125 Keiner
1279 4076 1413 4125 kann
1437 4074 1549 4138 das,

490 4154 595 4190 was
629 4142 693 4192 A.
732 4142 862 4193 eben
903 4142 1027 4192 iiber
1070 4142 1171 4192 den
1205 4141 1349 4209 Gang
1383 4144 1551 4193 seiner

1653 3262 1753 3311 ben
1786 3261 1993 3327 glaubtc
2029 3261 2132 3311 und
2166 3276 2269 3311 nun
2292 3260 2386 3311 auf
2404 3260 2588 3311 einmal
2611 3274 2715 3310 von

1654 3329 1769 3379 dem
1816 3328 2160 3393 machtigeren
2208 3327 2406 3394 Gegner
2452 3342 2547 3378 aus
2595 3328 2714 3378 dem

1652 3396 1805 3447 Felde
1828 3395 2134 3461 geschlagen
2159 3396 2316 3448 ward.

1718 3466 1991 3515 haesitatio
2048 3471 2368 3530 tractusque,
2439 3463 2523 3513 die
2568 3462 2713 3512 Rede

1651 3533 1849 3582 stockte
1872 3530 2173 3582 absichtlich
2207 3531 2313 3582 und
2348 3533 2572 3595 bewegte
2601 3529 2713 3580 sich

1648 3599 1879 3665 langsam
1904 3600 2010 3649 und
2027 3614 2257 3665 gezogen
2273 3600 2535 3659 vorwfirts,
2561 3595 2711 3648 theils

1650 3682 1735 3717 um
1785 3668 1883 3718 den
1929 3668 2185 3717 Verdacht
2233 3684 2298 3717 zu
2319 3666 2571 3727 ‘meiden‚
2631 3661 2711 3715 als

1649 3735 1834 3786 nihme
1850 3736 1913 3785 A.
1936 3735 2050 3785 eine
2072 3734 2245 3786 solche
2256 3735 2488 3799 Anklage
2510 3747 2575 3782 an
2599 3730 2712 3782 sich

1649 3811 1777 3854 etwa.
1801 3817 1867 3854 zu
1892 3802 2066 3866 leicbt,
2100 3802 2250 3854 theils
2282 3818 2370 3852 um
2394 3817 2453 3852 so
2477 3798 2710 3851 versich-

1647 3873 1779 3937 tiger
1812 3871 1987 3921 Weise
2034 3881 2140 3922 erst
2187 3887 2281 3921 nur
2327 3870 2512 3919 einmal
2560 3868 2709 3918 einen

1648 3939 1813 3990 festen
1839 3938 2241 4005 Ansangspunkt
2266 3954 2330 3989 zu
2353 3938 2636 4004 gewinnen.

1715 4015 1809 4057 203.
1856 4006 1995 4057 Ecce
2029 4008 2200 4057 deutet
2243 4007 2338 4057 das
2370 4006 2712 4070 Unerwartetq

1649 4075 1755 4125 und
1776 4074 2181 4126 Entscheideude
2204 4075 2274 4124 im
2295 4072 2441 4139 Gang
2464 4090 2514 4125 n.
2535 4070 2710 4136 Ersolg
2745 4125 2748 4136 ,

1650 4141 1738 4193 der
1767 4142 2281 4210 Verteidigungsrede
2303 4143 2397 4194 des
2420 4142 2486 4194 A.
2511 4154 2595 4191 an.
