<?xml version="1.0" encoding="UTF-8"?>
<!DOCTYPE html PUBLIC "-//W3C//DTD XHTML 1.0 Transitional//EN"
    "http://www.w3.org/TR/xhtml1/DTD/xhtml1-transitional.dtd">
<html xmlns="http://www.w3.org/1999/xhtml" xml:lang="en" lang="en">
 <head>
  <title>
</title>
<meta http-equiv="Content-Type" content="text/html;charset=utf-8" />
  <meta name='ocr-system' content='tesseract 3.04.00' />
  <meta name='ocr-capabilities' content='ocr_page ocr_carea ocr_par ocr_line ocrx_word'/>
</head>
<body>
  <div class='ocr_page' id='page_1' title='image "./deoratore00pidegoog_0208.png"; bbox 0 0 2930 4693; ppageno 0'>
   <div class='ocr_carea' id='block_1_1' title="bbox 297 242 2789 1945">
    <p class='ocr_par' dir='ltr' id='par_1_1' title="bbox 470 242 2708 743">
     <span class='ocr_line' id='line_1_1' title="bbox 470 242 2099 317; baseline -0.007 0"><span class='ocrx_word' id='word_1_1' title='bbox 470 254 633 317; x_wconf 82' lang='lat'><strong>140·</strong></span> <span class='ocrx_word' id='word_1_2' title='bbox 1072 245 1171 310; x_wconf 84' lang='lat' dir='ltr'><strong>DE</strong></span> <span class='ocrx_word' id='word_1_3' title='bbox 1201 242 1559 310; x_wconf 79' lang='lat' dir='ltr'><strong>ORATORE</strong></span> <span class='ocrx_word' id='word_1_4' title='bbox 1597 244 1650 307; x_wconf 88' lang='lat'><strong>11</strong></span> <span class='ocrx_word' id='word_1_5' title='bbox 1693 245 1795 309; x_wconf 85' lang='lat'><strong>31.</strong></span> <span class='ocrx_word' id='word_1_6' title='bbox 1829 251 2099 308; x_wconf 70' lang='lat'><strong>182133.</strong></span> 
     </span>
     <span class='ocr_line' id='line_1_2' title="bbox 472 412 2708 499; baseline -0.002 -18"><span class='ocrx_word' id='word_1_7' title='bbox 472 434 715 481; x_wconf 88' lang='lat' dir='ltr'><strong>suorum</strong></span> <span class='ocrx_word' id='word_1_8' title='bbox 743 416 978 499; x_wconf 78' lang='lat' dir='ltr'><strong>hospeS,</strong></span> <span class='ocrx_word' id='word_1_9' title='bbox 1010 433 1132 479; x_wconf 90' lang='lat' dir='ltr'><strong>non</strong></span> <span class='ocrx_word' id='word_1_10' title='bbox 1162 415 1413 479; x_wconf 88' lang='lat' dir='ltr'><strong>multum</strong></span> <span class='ocrx_word' id='word_1_11' title='bbox 1445 416 1504 477; x_wconf 89' lang='lat' dir='ltr'><strong>ei</strong></span> <span class='ocrx_word' id='word_1_12' title='bbox 1529 415 1648 478; x_wconf 89' lang='lat' dir='ltr'><strong>loci</strong></span> <span class='ocrx_word' id='word_1_13' title='bbox 1673 414 2006 497; x_wconf 86' lang='lat' dir='ltr'><strong>proderunt</strong></span> <span class='ocrx_word' id='word_1_14' title='bbox 2033 413 2138 487; x_wconf 87' lang='lat' dir='ltr'><strong>illi,</strong></span> <span class='ocrx_word' id='word_1_15' title='bbox 2171 433 2245 477; x_wconf 81' lang='lat' dir='ltr'><strong>ex</strong></span> <span class='ocrx_word' id='word_1_16' title='bbox 2271 412 2489 497; x_wconf 86' lang='lat' dir='ltr'><strong>quibus</strong></span> <span class='ocrx_word' id='word_1_17' title='bbox 2520 432 2708 495; x_wconf 80' lang='lat' dir='ltr'><strong>argu-</strong></span> 
     </span>
     <span class='ocr_line' id='line_1_3' title="bbox 471 501 2707 586; baseline -0.001 -21"><span class='ocrx_word' id='word_1_18' title='bbox 471 511 672 566; x_wconf 87' lang='lat' dir='ltr'><strong>menta</strong></span> <span class='ocrx_word' id='word_1_19' title='bbox 697 508 1072 586; x_wconf 85' lang='lat' dir='ltr'><strong>promuntur.</strong></span> <span class='ocrx_word' id='word_1_20' title='bbox 1126 501 1386 564; x_wconf 85' lang='lat' dir='ltr'><strong>Subacto</strong></span> <span class='ocrx_word' id='word_1_21' title='bbox 1415 501 1565 564; x_wconf 88' lang='lat' dir='ltr'><strong>mihi</strong></span> <span class='ocrx_word' id='word_1_22' title='bbox 1590 502 1832 581; x_wconf 84' lang='lat' dir='ltr'><strong>ingenio</strong></span> <span class='ocrx_word' id='word_1_23' title='bbox 1858 519 2008 582; x_wconf 90' lang='lat' dir='ltr'><strong>opus</strong></span> <span class='ocrx_word' id='word_1_24' title='bbox 2038 508 2157 573; x_wconf 86' lang='lat' dir='ltr'><strong>est,</strong></span> <span class='ocrx_word' id='word_1_25' title='bbox 2189 508 2254 562; x_wconf 82' lang='lat' dir='ltr'><strong>ut</strong></span> <span class='ocrx_word' id='word_1_26' title='bbox 2283 517 2426 579; x_wconf 82' lang='lat' dir='ltr'><strong>agro</strong></span> <span class='ocrx_word' id='word_1_27' title='bbox 2456 518 2580 562; x_wconf 92' lang='lat' dir='ltr'><strong>non</strong></span> <span class='ocrx_word' id='word_1_28' title='bbox 2609 519 2707 563; x_wconf 86' lang='lat' dir='ltr'><strong>se—</strong></span> 
     </span>
     <span class='ocr_line' id='line_1_4' title="bbox 475 585 2706 668; baseline -0.001 -18"><span class='ocrx_word' id='word_1_29' title='bbox 475 588 595 650; x_wconf 87' lang='lat' dir='ltr'><strong>mel</strong></span> <span class='ocrx_word' id='word_1_30' title='bbox 626 595 809 660; x_wconf 87' lang='lat' dir='ltr'><strong>arato,</strong></span> <span class='ocrx_word' id='word_1_31' title='bbox 841 587 947 651; x_wconf 91' lang='lat' dir='ltr'><strong>sed</strong></span> <span class='ocrx_word' id='word_1_32' title='bbox 976 594 1192 650; x_wconf 85' lang='lat' dir='ltr'><strong>novato</strong></span> <span class='ocrx_word' id='word_1_33' title='bbox 1223 593 1284 648; x_wconf 87' lang='lat' dir='ltr'><strong>et</strong></span> <span class='ocrx_word' id='word_1_34' title='bbox 1310 588 1545 660; x_wconf 87' lang='lat' dir='ltr'><strong>iterato,</strong></span> <span class='ocrx_word' id='word_1_35' title='bbox 1578 605 1696 668; x_wconf 90' lang='lat' dir='ltr'><strong>quo</strong></span> <span class='ocrx_word' id='word_1_36' title='bbox 1725 585 2004 649; x_wconf 89' lang='lat' dir='ltr'><strong>meliores</strong></span> <span class='ocrx_word' id='word_1_37' title='bbox 2034 585 2188 647; x_wconf 82' lang='lat' dir='ltr'><strong>fetus</strong></span> <span class='ocrx_word' id='word_1_38' title='bbox 2215 586 2404 666; x_wconf 83' lang='lat' dir='ltr'><strong>possit</strong></span> <span class='ocrx_word' id='word_1_39' title='bbox 2433 592 2493 653; x_wconf 86' lang='lat' dir='ltr'><strong>et</strong></span> <span class='ocrx_word' id='word_1_40' title='bbox 2523 603 2706 665; x_wconf 80' lang='lat' dir='ltr'><strong>gran-</strong></span> 
     </span>
     <span class='ocr_line' id='line_1_5' title="bbox 473 668 2586 743; baseline -0.001 -7"><span class='ocrx_word' id='word_1_41' title='bbox 473 675 669 737; x_wconf 86' lang='lat' dir='ltr'><strong>diores</strong></span> <span class='ocrx_word' id='word_1_42' title='bbox 699 673 896 736; x_wconf 91' lang='lat' dir='ltr'><strong>edere.</strong></span> <span class='ocrx_word' id='word_1_43' title='bbox 957 671 1235 735; x_wconf 85' lang='lat' dir='ltr'><strong>Subactio</strong></span> <span class='ocrx_word' id='word_1_44' title='bbox 1265 679 1463 734; x_wconf 86' lang='lat' dir='ltr'><strong>autem</strong></span> <span class='ocrx_word' id='word_1_45' title='bbox 1495 678 1584 734; x_wconf 87' lang='lat' dir='ltr'><strong>est</strong></span> <span class='ocrx_word' id='word_1_46' title='bbox 1611 690 1782 743; x_wconf 87' lang='lat' dir='ltr'><strong>usus,</strong></span> <span class='ocrx_word' id='word_1_47' title='bbox 1814 671 2035 734; x_wconf 79' lang='lat' dir='ltr'><strong>auditio</strong></span> <span class='ocrx_word' id='word_1_48' title='bbox 2050 720 2066 743; x_wconf 88' lang='lat'><em>‚</em></span> <span class='ocrx_word' id='word_1_49' title='bbox 2097 670 2301 742; x_wconf 86' lang='lat' dir='ltr'><strong>lectio,</strong></span> <span class='ocrx_word' id='word_1_50' title='bbox 2333 668 2586 734; x_wconf 80' lang='lat' dir='ltr'><strong>litterae.</strong></span> 
     </span>
    </p>

    <p class='ocr_par' dir='ltr' id='par_1_2' title="bbox 297 753 2789 1860">
     <span class='ocr_line' id='line_1_6' title="bbox 639 753 2706 839; baseline -0.001 -18"><span class='ocrx_word' id='word_1_51' title='bbox 639 761 722 821; x_wconf 78' lang='lat' dir='ltr'><strong>Ac</strong></span> <span class='ocrx_word' id='word_1_52' title='bbox 751 759 1011 839; x_wconf 88' lang='lat' dir='ltr'><strong>primum</strong></span> <span class='ocrx_word' id='word_1_53' title='bbox 1041 765 1314 819; x_wconf 87' lang='lat' dir='ltr'><strong>naturam</strong></span> <span class='ocrx_word' id='word_1_54' title='bbox 1345 776 1558 819; x_wconf 86' lang='lat' dir='ltr'><strong>causae</strong></span> <span class='ocrx_word' id='word_1_55' title='bbox 1589 755 1810 827; x_wconf 87' lang='lat' dir='ltr'><strong>videat,</strong></span> <span class='ocrx_word' id='word_1_56' title='bbox 1852 774 2003 838; x_wconf 91' lang='lat' dir='ltr'><strong>quae</strong></span> <span class='ocrx_word' id='word_1_57' title='bbox 2033 774 2355 837; x_wconf 82' lang='lat' dir='ltr'><strong>numquam</strong></span> <span class='ocrx_word' id='word_1_58' title='bbox 2397 753 2571 828; x_wconf 89' lang='lat' dir='ltr'><strong>latet,</strong></span> <span class='ocrx_word' id='word_1_59' title='bbox 2600 755 2706 825; x_wconf 63' lang='lat' dir='ltr'><strong>,fa-</strong></span> 
     </span>
     <span class='ocr_line' id='line_1_7' title="bbox 469 838 2705 924; baseline -0.002 -18"><span class='ocrx_word' id='word_1_60' title='bbox 469 852 709 909; x_wconf 85' lang='lat' dir='ltr'><strong>ctumne</strong></span> <span class='ocrx_word' id='word_1_61' title='bbox 738 845 815 905; x_wconf 82' lang='lat' dir='ltr'><strong>sit</strong></span> <span class='ocrx_word' id='word_1_62' title='bbox 843 850 1191 924; x_wconf 77' lang='lat' dir='ltr'><strong>quaeratur,</strong></span> <span class='ocrx_word' id='word_1_63' title='bbox 1245 861 1321 905; x_wconf 92' lang='lat' dir='ltr'><strong>an</strong></span> <span class='ocrx_word' id='word_1_64' title='bbox 1364 841 1539 924; x_wconf 87' lang='lat' dir='ltr'><strong>quale</strong></span> <span class='ocrx_word' id='word_1_65' title='bbox 1578 843 1683 914; x_wconf 87' lang='lat' dir='ltr'><strong>sit,</strong></span> <span class='ocrx_word' id='word_1_66' title='bbox 1737 859 1814 904; x_wconf 91' lang='lat' dir='ltr'><strong>an</strong></span> <span class='ocrx_word' id='word_1_67' title='bbox 1843 842 2004 922; x_wconf 90' lang='lat' dir='ltr'><strong>quod</strong></span> <span class='ocrx_word' id='word_1_68' title='bbox 2031 860 2251 904; x_wconf 90' lang='lat' dir='ltr'><strong>nomen</strong></span> <span class='ocrx_word' id='word_1_69' title='bbox 2278 838 2525 911; x_wconf 85' lang='lat' dir='ltr'><strong>haheat;</strong></span> <span class='ocrx_word' id='word_1_70' title='bbox 2582 860 2705 921; x_wconf 92' lang='lat' dir='ltr'><strong>quo</strong></span> 
     </span>
     <span class='ocr_line' id='line_1_8' title="bbox 467 925 2703 1010; baseline -0.002 -19"><span class='ocrx_word' id='word_1_71' title='bbox 467 937 783 1010; x_wconf 88' lang='lat' dir='ltr'><strong>perspecto</strong></span> <span class='ocrx_word' id='word_1_72' title='bbox 813 929 1012 991; x_wconf 86' lang='lat' dir='ltr'><strong>statim</strong></span> <span class='ocrx_word' id='word_1_73' title='bbox 1040 929 1303 990; x_wconf 90' lang='lat' dir='ltr'><strong>occurrit</strong></span> <span class='ocrx_word' id='word_1_74' title='bbox 1332 926 1586 990; x_wconf 89' lang='lat' dir='ltr'><strong>naturali</strong></span> <span class='ocrx_word' id='word_1_75' title='bbox 1615 925 1869 1007; x_wconf 87' lang='lat' dir='ltr'><strong>quadam</strong></span> <span class='ocrx_word' id='word_1_76' title='bbox 1897 926 2215 1007; x_wconf 86' lang='lat' dir='ltr'><strong>prudentia</strong></span> <span class='ocrx_word' id='word_1_77' title='bbox 2231 973 2249 999; x_wconf 90' lang='lat'><em>,</em></span> <span class='ocrx_word' id='word_1_78' title='bbox 2282 944 2407 988; x_wconf 92' lang='lat' dir='ltr'><strong>non</strong></span> <span class='ocrx_word' id='word_1_79' title='bbox 2435 925 2531 987; x_wconf 89' lang='lat' dir='ltr'><strong>his</strong></span> <span class='ocrx_word' id='word_1_80' title='bbox 2560 925 2703 987; x_wconf 86' lang='lat' dir='ltr'><strong>suh-</strong></span> 
     </span>
     <span class='ocr_line' id='line_1_9' title="bbox 470 1010 2705 1094; baseline -0.002 -19"><span class='ocrx_word' id='word_1_81' title='bbox 470 1013 876 1084; x_wconf 82' lang='lat' dir='ltr'><strong>ductionibus,</strong></span> <span class='ocrx_word' id='word_1_82' title='bbox 909 1030 1056 1094; x_wconf 87' lang='lat' dir='ltr'><strong>quas</strong></span> <span class='ocrx_word' id='word_1_83' title='bbox 1083 1014 1182 1074; x_wconf 91' lang='lat' dir='ltr'><strong>isti</strong></span> <span class='ocrx_word' id='word_1_84' title='bbox 1211 1011 1456 1083; x_wconf 89' lang='lat' dir='ltr'><strong>docent,</strong></span> <span class='ocrx_word' id='word_1_85' title='bbox 1490 1010 1633 1093; x_wconf 89' lang='lat' dir='ltr'><strong>quid</strong></span> <span class='ocrx_word' id='word_1_86' title='bbox 1663 1012 1840 1074; x_wconf 85' lang='lat' dir='ltr'><strong>faciat</strong></span> <span class='ocrx_word' id='word_1_87' title='bbox 1869 1030 2135 1083; x_wconf 89' lang='lat' dir='ltr'><strong>causam,</strong></span> <span class='ocrx_word' id='word_1_88' title='bbox 2167 1010 2228 1073; x_wconf 89' lang='lat' dir='ltr'><strong>id</strong></span> <span class='ocrx_word' id='word_1_89' title='bbox 2259 1017 2379 1080; x_wconf 89' lang='lat' dir='ltr'><strong>est,</strong></span> <span class='ocrx_word' id='word_1_90' title='bbox 2410 1030 2530 1091; x_wconf 90' lang='lat' dir='ltr'><strong>quo</strong></span> <span class='ocrx_word' id='word_1_91' title='bbox 2561 1010 2705 1072; x_wconf 87' lang='lat' dir='ltr'><strong>suh-</strong></span> 
     </span>
     <span class='ocr_line' id='line_1_10' title="bbox 468 1095 2701 1179; baseline -0 -20"><span class='ocrx_word' id='word_1_92' title='bbox 468 1098 589 1161; x_wconf 87' lang='lat' dir='ltr'><strong>lato</strong></span> <span class='ocrx_word' id='word_1_93' title='bbox 619 1099 1021 1161; x_wconf 85' lang='lat' dir='ltr'><strong>controversia</strong></span> <span class='ocrx_word' id='word_1_94' title='bbox 1049 1105 1208 1161; x_wconf 88' lang='lat' dir='ltr'><strong>stare</strong></span> <span class='ocrx_word' id='word_1_95' title='bbox 1238 1117 1359 1160; x_wconf 92' lang='lat' dir='ltr'><strong>non</strong></span> <span class='ocrx_word' id='word_1_96' title='bbox 1386 1099 1601 1179; x_wconf 87' lang='lat' dir='ltr'><strong>possit;</strong></span> <span class='ocrx_word' id='word_1_97' title='bbox 1656 1095 1869 1159; x_wconf 88' lang='lat' dir='ltr'><strong>deinde</strong></span> <span class='ocrx_word' id='word_1_98' title='bbox 1910 1096 2050 1177; x_wconf 85' lang='lat' dir='ltr'><strong>quid</strong></span> <span class='ocrx_word' id='word_1_99' title='bbox 2081 1097 2275 1158; x_wconf 87' lang='lat' dir='ltr'><strong>veniat</strong></span> <span class='ocrx_word' id='word_1_100' title='bbox 2291 1097 2364 1157; x_wconf 84' lang='lat' dir='ltr'><strong>in</strong></span> <span class='ocrx_word' id='word_1_101' title='bbox 2394 1095 2701 1166; x_wconf 89' lang='lat' dir='ltr'><strong>iudicium,</strong></span> 
     </span>
     <span class='ocr_line' id='line_1_11' title="bbox 469 1179 2704 1264; baseline -0.002 -19"><span class='ocrx_word' id='word_1_102' title='bbox 469 1184 629 1264; x_wconf 91' lang='lat' dir='ltr'><strong>quod</strong></span> <span class='ocrx_word' id='word_1_103' title='bbox 658 1184 756 1246; x_wconf 88' lang='lat' dir='ltr'><strong>isti</strong></span> <span class='ocrx_word' id='word_1_104' title='bbox 784 1185 872 1245; x_wconf 89' lang='lat' dir='ltr'><strong>sic</strong></span> <span class='ocrx_word' id='word_1_105' title='bbox 898 1182 1108 1244; x_wconf 87' lang='lat' dir='ltr'><strong>iubent</strong></span> <span class='ocrx_word' id='word_1_106' title='bbox 1134 1201 1454 1264; x_wconf 86' lang='lat' dir='ltr'><strong>quaerere:</strong></span> <span class='ocrx_word' id='word_1_107' title='bbox 1490 1182 1819 1245; x_wconf 75' lang='lat' dir='ltr'><strong>‘Interfecit</strong></span> <span class='ocrx_word' id='word_1_108' title='bbox 1850 1179 2117 1262; x_wconf 83' lang='lat' dir='ltr'><strong>Opimius</strong></span> <span class='ocrx_word' id='word_1_109' title='bbox 2145 1181 2501 1243; x_wconf 87' lang='lat' dir='ltr'><strong>Gracchum.</strong></span> <span class='ocrx_word' id='word_1_110' title='bbox 2547 1180 2704 1253; x_wconf 90' lang='lat' dir='ltr'><strong>Quid</strong></span> 
     </span>
     <span class='ocr_line' id='line_1_12' title="bbox 471 1264 2702 1351; baseline -0.001 -21"><span class='ocrx_word' id='word_1_111' title='bbox 471 1269 613 1330; x_wconf 82' lang='lat' dir='ltr'><strong>facit</strong></span> <span class='ocrx_word' id='word_1_112' title='bbox 642 1268 917 1330; x_wconf 76' lang='lat' dir='ltr'><strong>causam?</strong></span> <span class='ocrx_word' id='word_1_113' title='bbox 995 1268 1154 1349; x_wconf 86' lang='lat' dir='ltr'><strong>quod</strong></span> <span class='ocrx_word' id='word_1_114' title='bbox 1195 1270 1286 1330; x_wconf 91' lang='lat' dir='ltr'><strong>rei</strong></span> <span class='ocrx_word' id='word_1_115' title='bbox 1313 1267 1586 1351; x_wconf 86' lang='lat' dir='ltr'><strong>publicae</strong></span> <span class='ocrx_word' id='word_1_116' title='bbox 1628 1285 1803 1330; x_wconf 86' lang='lat' dir='ltr'><strong>causa</strong></span> <span class='ocrx_word' id='word_1_117' title='bbox 1820 1313 1835 1336; x_wconf 88' lang='lat'>‚</span> <span class='ocrx_word' id='word_1_118' title='bbox 1892 1285 2028 1328; x_wconf 91' lang='lat' dir='ltr'><strong>cum</strong></span> <span class='ocrx_word' id='word_1_119' title='bbox 2058 1285 2131 1328; x_wconf 87' lang='lat' dir='ltr'><strong>ex</strong></span> <span class='ocrx_word' id='word_1_120' title='bbox 2159 1272 2398 1328; x_wconf 87' lang='lat' dir='ltr'><strong>senatus</strong></span> <span class='ocrx_word' id='word_1_121' title='bbox 2429 1264 2702 1328; x_wconf 87' lang='lat' dir='ltr'><strong>consulto</strong></span> 
     </span>
     <span class='ocr_line' id='line_1_13' title="bbox 471 1351 2705 1432; baseline -0.001 -17"><span class='ocrx_word' id='word_1_122' title='bbox 471 1354 544 1415; x_wconf 90' lang='lat' dir='ltr'><strong>ad</strong></span> <span class='ocrx_word' id='word_1_123' title='bbox 575 1371 741 1416; x_wconf 88' lang='lat' dir='ltr'><strong>arma</strong></span> <span class='ocrx_word' id='word_1_124' title='bbox 770 1360 1053 1416; x_wconf 84' lang='lat' dir='ltr'><strong>vocasset.</strong></span> <span class='ocrx_word' id='word_1_125' title='bbox 1134 1354 1261 1415; x_wconf 89' lang='lat' dir='ltr'><strong>Hoc</strong></span> <span class='ocrx_word' id='word_1_126' title='bbox 1305 1353 1477 1423; x_wconf 86' lang='lat' dir='ltr'><strong>tolle,</strong></span> <span class='ocrx_word' id='word_1_127' title='bbox 1533 1371 1708 1415; x_wconf 85' lang='lat' dir='ltr'><strong>causa</strong></span> <span class='ocrx_word' id='word_1_128' title='bbox 1739 1370 1860 1414; x_wconf 90' lang='lat' dir='ltr'><strong>non</strong></span> <span class='ocrx_word' id='word_1_129' title='bbox 1891 1353 2023 1413; x_wconf 88' lang='lat' dir='ltr'><strong>erit.</strong></span> <span class='ocrx_word' id='word_1_130' title='bbox 2103 1352 2179 1413; x_wconf 87' lang='lat' dir='ltr'><strong>At</strong></span> <span class='ocrx_word' id='word_1_131' title='bbox 2204 1351 2267 1412; x_wconf 91' lang='lat' dir='ltr'><strong>id</strong></span> <span class='ocrx_word' id='word_1_132' title='bbox 2295 1352 2492 1432; x_wconf 88' lang='lat' dir='ltr'><strong>ipsum</strong></span> <span class='ocrx_word' id='word_1_133' title='bbox 2519 1357 2705 1430; x_wconf 82' lang='lat' dir='ltr'><strong>negat</strong></span> 
     </span>
     <span class='ocr_line' id='line_1_14' title="bbox 470 1436 2702 1518; baseline -0.002 -18"><span class='ocrx_word' id='word_1_134' title='bbox 470 1446 678 1500; x_wconf 89' lang='lat' dir='ltr'><strong>contra</strong></span> <span class='ocrx_word' id='word_1_135' title='bbox 708 1437 873 1518; x_wconf 83' lang='lat' dir='ltr'><strong>leges</strong></span> <span class='ocrx_word' id='word_1_136' title='bbox 901 1437 1137 1500; x_wconf 83' lang='lat' dir='ltr'><strong>licuisse</strong></span> <span class='ocrx_word' id='word_1_137' title='bbox 1167 1439 1397 1501; x_wconf 82' lang='lat' dir='ltr'><strong>Decius,</strong></span> <span class='ocrx_word' id='word_1_138' title='bbox 1457 1437 1667 1500; x_wconf 88' lang='lat' dir='ltr'><strong>Veniet</strong></span> <span class='ocrx_word' id='word_1_139' title='bbox 1695 1439 1876 1517; x_wconf 85' lang='lat' dir='ltr'><strong>igitur</strong></span> <span class='ocrx_word' id='word_1_140' title='bbox 1903 1438 1968 1497; x_wconf 92' lang='lat' dir='ltr'><strong>in</strong></span> <span class='ocrx_word' id='word_1_141' title='bbox 1995 1436 2314 1498; x_wconf 88' lang='lat' dir='ltr'><strong>iudicium:</strong></span> <span class='ocrx_word' id='word_1_142' title='bbox 2360 1436 2702 1498; x_wconf 89' lang='lat' dir='ltr'><strong>Licueritne</strong></span> 
     </span>
     <span class='ocr_line' id='line_1_15' title="bbox 470 1520 2704 1604; baseline -0.002 -19"><span class='ocrx_word' id='word_1_143' title='bbox 470 1543 543 1586; x_wconf 84' lang='lat' dir='ltr'><strong>ex</strong></span> <span class='ocrx_word' id='word_1_144' title='bbox 573 1530 812 1586; x_wconf 90' lang='lat' dir='ltr'><strong>senatus</strong></span> <span class='ocrx_word' id='word_1_145' title='bbox 842 1522 1112 1585; x_wconf 88' lang='lat' dir='ltr'><strong>consulto</strong></span> <span class='ocrx_word' id='word_1_146' title='bbox 1142 1523 1465 1586; x_wconf 85' lang='lat' dir='ltr'><strong>servandae</strong></span> <span class='ocrx_word' id='word_1_147' title='bbox 1496 1525 1587 1585; x_wconf 86' lang='lat' dir='ltr'><strong>rei</strong></span> <span class='ocrx_word' id='word_1_148' title='bbox 1615 1520 1887 1604; x_wconf 86' lang='lat' dir='ltr'><strong>publicae</strong></span> <span class='ocrx_word' id='word_1_149' title='bbox 1917 1540 2092 1591; x_wconf 87' lang='lat' dir='ltr'><strong>causa</strong></span> <span class='ocrx_word' id='word_1_150' title='bbox 2103 1522 2152 1581; x_wconf 64' lang='grc' dir='ltr'><strong>’ξ’</strong></span> <span class='ocrx_word' id='word_1_151' title='bbox 2211 1522 2533 1601; x_wconf 88' lang='lat' dir='ltr'><strong>Perspicua</strong></span> <span class='ocrx_word' id='word_1_152' title='bbox 2562 1527 2704 1583; x_wconf 87' lang='lat' dir='ltr'><strong>sunt</strong></span> 
     </span>
     <span class='ocr_line' id='line_1_16' title="bbox 468 1604 2703 1690; baseline -0.002 -19"><span class='ocrx_word' id='word_1_153' title='bbox 468 1611 618 1671; x_wconf 88' lang='lat' dir='ltr'><strong>haec</strong></span> <span class='ocrx_word' id='word_1_154' title='bbox 647 1609 886 1690; x_wconf 89' lang='lat' dir='ltr'><strong>quidem</strong></span> <span class='ocrx_word' id='word_1_155' title='bbox 918 1615 978 1670; x_wconf 89' lang='lat' dir='ltr'><strong>et</strong></span> <span class='ocrx_word' id='word_1_156' title='bbox 1003 1610 1069 1669; x_wconf 92' lang='lat' dir='ltr'><strong>in</strong></span> <span class='ocrx_word' id='word_1_157' title='bbox 1097 1607 1325 1688; x_wconf 84' lang='lat' dir='ltr'><strong>vulgari</strong></span> <span class='ocrx_word' id='word_1_158' title='bbox 1352 1606 1669 1690; x_wconf 86' lang='lat' dir='ltr'><strong>prudentia</strong></span> <span class='ocrx_word' id='word_1_159' title='bbox 1697 1608 1808 1669; x_wconf 88' lang='lat' dir='ltr'><strong>sita</strong></span> <span class='ocrx_word' id='word_1_160' title='bbox 1823 1626 1840 1677; x_wconf 88' lang='lat'>;</span> <span class='ocrx_word' id='word_1_161' title='bbox 1885 1607 1991 1668; x_wconf 87' lang='lat' dir='ltr'><strong>sed</strong></span> <span class='ocrx_word' id='word_1_162' title='bbox 2017 1605 2118 1669; x_wconf 86' lang='lat' dir='ltr'><strong>illa</strong></span> <span class='ocrx_word' id='word_1_163' title='bbox 2147 1604 2515 1687; x_wconf 81' lang='lat' dir='ltr'><strong>quaerenda:</strong></span> <span class='ocrx_word' id='word_1_164' title='bbox 2549 1624 2703 1687; x_wconf 89' lang='lat' dir='ltr'><strong>quae</strong></span> 
     </span>
     <span class='ocr_line' id='line_1_17' title="bbox 469 1690 2789 1773; baseline -0.002 -17"><span class='ocrx_word' id='word_1_165' title='bbox 469 1694 541 1756; x_wconf 88' lang='lat' dir='ltr'><strong>ab</strong></span> <span class='ocrx_word' id='word_1_166' title='bbox 575 1701 921 1757; x_wconf 83' lang='lat' dir='ltr'><strong>accusatore</strong></span> <span class='ocrx_word' id='word_1_167' title='bbox 952 1700 1011 1755; x_wconf 88' lang='lat' dir='ltr'><strong>et</strong></span> <span class='ocrx_word' id='word_1_168' title='bbox 1039 1712 1074 1754; x_wconf 87' lang='lat' dir='ltr'><strong>a</strong></span> <span class='ocrx_word' id='word_1_169' title='bbox 1104 1693 1419 1756; x_wconf 81' lang='lat' dir='ltr'><strong>defensore</strong></span> <span class='ocrx_word' id='word_1_170' title='bbox 1461 1700 1814 1772; x_wconf 84' lang='lat' dir='ltr'><strong>argumenta</strong></span> <span class='ocrx_word' id='word_1_171' title='bbox 1854 1691 1928 1753; x_wconf 89' lang='lat' dir='ltr'><strong>ad</strong></span> <span class='ocrx_word' id='word_1_172' title='bbox 1970 1692 2059 1761; x_wconf 90' lang='lat' dir='ltr'><strong>id,</strong></span> <span class='ocrx_word' id='word_1_173' title='bbox 2114 1691 2273 1773; x_wconf 87' lang='lat' dir='ltr'><strong>quod</strong></span> <span class='ocrx_word' id='word_1_174' title='bbox 2313 1691 2377 1752; x_wconf 91' lang='lat' dir='ltr'><strong>in</strong></span> <span class='ocrx_word' id='word_1_175' title='bbox 2414 1690 2700 1753; x_wconf 91' lang='lat' dir='ltr'><strong>iudicium</strong></span> <span class='ocrx_word' id='word_1_176' title='bbox 2783 1708 2789 1713; x_wconf 83' lang='lat'><strong>·</strong></span> 
     </span>
     <span class='ocr_line' id='line_1_18' title="bbox 297 1775 2703 1860; baseline -0.002 -20"><span class='ocrx_word' id='word_1_177' title='bbox 297 1776 382 1849; x_wconf 87' lang='lat'><strong>31</strong></span> <span class='ocrx_word' id='word_1_178' title='bbox 409 1787 507 1840; x_wconf 78' lang='lat'><strong>133</strong></span> <span class='ocrx_word' id='word_1_179' title='bbox 519 1780 698 1850; x_wconf 86' lang='lat' dir='ltr'><strong>venit,</strong></span> <span class='ocrx_word' id='word_1_180' title='bbox 729 1779 1056 1860; x_wconf 88' lang='lat' dir='ltr'><strong>spectantia</strong></span> <span class='ocrx_word' id='word_1_181' title='bbox 1085 1777 1342 1840; x_wconf 86' lang='lat' dir='ltr'><strong>debeant</strong></span> <span class='ocrx_word' id='word_1_182' title='bbox 1370 1777 1611 1840; x_wconf 78' lang='lat' dir='ltr'><strong>adferri.</strong></span> <span class='ocrx_word' id='word_1_183' title='bbox 1653 1779 1842 1858; x_wconf 79' lang='lat' dir='ltr'><strong>Atque</strong></span> <span class='ocrx_word' id='word_1_184' title='bbox 1870 1776 1969 1839; x_wconf 90' lang='lat' dir='ltr'><strong>hic</strong></span> <span class='ocrx_word' id='word_1_185' title='bbox 1990 1775 2134 1838; x_wconf 89' lang='lat' dir='ltr'><strong>illud</strong></span> <span class='ocrx_word' id='word_1_186' title='bbox 2157 1775 2476 1839; x_wconf 83' lang='lat' dir='ltr'><strong>videndum</strong></span> <span class='ocrx_word' id='word_1_187' title='bbox 2498 1784 2605 1847; x_wconf 88' lang='lat' dir='ltr'><strong>est,</strong></span> <span class='ocrx_word' id='word_1_188' title='bbox 2637 1777 2703 1836; x_wconf 89' lang='lat' dir='ltr'><strong>in</strong></span> 
     </span>
    </p>

    <p class='ocr_par' dir='ltr' id='par_1_3' title="bbox 468 1859 2701 1945">
     <span class='ocr_line' id='line_1_19' title="bbox 468 1859 2701 1945; baseline -0.002 -20"><span class='ocrx_word' id='word_1_189' title='bbox 468 1883 586 1945; x_wconf 89' lang='lat' dir='ltr'><strong>quo</strong></span> <span class='ocrx_word' id='word_1_190' title='bbox 613 1881 883 1925; x_wconf 88' lang='lat' dir='ltr'><strong>summus</strong></span> <span class='ocrx_word' id='word_1_191' title='bbox 912 1869 1003 1924; x_wconf 86' lang='lat' dir='ltr'><strong>est</strong></span> <span class='ocrx_word' id='word_1_192' title='bbox 1031 1880 1204 1924; x_wconf 87' lang='lat' dir='ltr'><strong>error</strong></span> <span class='ocrx_word' id='word_1_193' title='bbox 1231 1864 1481 1926; x_wconf 88' lang='lat' dir='ltr'><strong>istorum</strong></span> <span class='ocrx_word' id='word_1_194' title='bbox 1514 1863 1966 1943; x_wconf 79' lang='lat' dir='ltr'><strong>magistrorum,</strong></span> <span class='ocrx_word' id='word_1_195' title='bbox 2023 1861 2097 1923; x_wconf 87' lang='lat' dir='ltr'><strong>ad</strong></span> <span class='ocrx_word' id='word_1_196' title='bbox 2139 1880 2287 1943; x_wconf 90' lang='lat' dir='ltr'><strong>quos</strong></span> <span class='ocrx_word' id='word_1_197' title='bbox 2327 1859 2550 1924; x_wconf 86' lang='lat' dir='ltr'><strong>liberos</strong></span> <span class='ocrx_word' id='word_1_198' title='bbox 2592 1878 2701 1921; x_wconf 91' lang='lat' dir='ltr'><strong>no-</strong></span> 
     </span>
    </p>
   </div>
   <div class='ocr_carea' id='block_1_2' title="bbox 336 771 435 823">
    <p class='ocr_par' dir='ltr' id='par_1_4' title="bbox 336 771 435 823">
     <span class='ocr_line' id='line_1_20' title="bbox 336 771 435 823; baseline 0.01 -1"><span class='ocrx_word' id='word_1_199' title='bbox 336 771 435 823; x_wconf 83' lang='lat'><strong>132</strong></span> 
     </span>
    </p>
   </div>
   <div class='ocr_carea' id='block_1_3' title="bbox 431 2098 1537 2371">
    <p class='ocr_par' dir='ltr' id='par_1_5' title="bbox 431 2098 1537 2371">
     <span class='ocr_line' id='line_1_21' title="bbox 535 2098 1537 2164; baseline -0.001 -11"><span class='ocrx_word' id='word_1_200' title='bbox 535 2101 773 2161; x_wconf 72' lang='lat' dir='ltr'><strong>subacto,</strong></span> <span class='ocrx_word' id='word_1_201' title='bbox 815 2098 1011 2164; x_wconf 84' lang='lat' dir='ltr'><strong>tiichtig</strong></span> <span class='ocrx_word' id='word_1_202' title='bbox 1052 2100 1355 2159; x_wconf 85' lang='lat' dir='ltr'><strong>bearbeitet‚</strong></span> <span class='ocrx_word' id='word_1_203' title='bbox 1405 2099 1537 2157; x_wconf 87' lang='lat' dir='ltr'><strong>nach</strong></span> 
     </span>
     <span class='ocr_line' id='line_1_22' title="bbox 469 2165 1532 2220; baseline -0.001 0"><span class='ocrx_word' id='word_1_204' title='bbox 469 2171 608 2220; x_wconf 87' lang='lat' dir='ltr'><strong>einer</strong></span> <span class='ocrx_word' id='word_1_205' title='bbox 634 2183 750 2220; x_wconf 87' lang='lat' dir='ltr'><strong>vom</strong></span> <span class='ocrx_word' id='word_1_206' title='bbox 775 2168 1045 2218; x_wconf 85' lang='lat' dir='ltr'><strong>Ackerbau</strong></span> <span class='ocrx_word' id='word_1_207' title='bbox 1069 2165 1360 2218; x_wconf 86' lang='lat' dir='ltr'><strong>entlehnten</strong></span> <span class='ocrx_word' id='word_1_208' title='bbox 1374 2170 1532 2220; x_wconf 85' lang='lat' dir='ltr'><strong>Meta-</strong></span> 
     </span>
     <span class='ocr_line' id='line_1_23' title="bbox 467 2233 1536 2305; baseline 0.001 -19"><span class='ocrx_word' id='word_1_209' title='bbox 467 2237 611 2305; x_wconf 88' lang='lat' dir='ltr'><strong>pher.</strong></span> <span class='ocrx_word' id='word_1_210' title='bbox 640 2238 750 2289; x_wconf 84' lang='lat' dir='ltr'><strong>Cat.</strong></span> <span class='ocrx_word' id='word_1_211' title='bbox 778 2236 844 2286; x_wconf 89' lang='lat' dir='ltr'><strong>M.</strong></span> <span class='ocrx_word' id='word_1_212' title='bbox 877 2234 964 2297; x_wconf 82' lang='lat'><strong>15,</strong></span> <span class='ocrx_word' id='word_1_213' title='bbox 992 2244 1041 2286; x_wconf 87' lang='lat'><strong>51</strong></span> <span class='ocrx_word' id='word_1_214' title='bbox 1078 2250 1210 2298; x_wconf 89' lang='lat' dir='ltr'><strong>quae</strong></span> <span class='ocrx_word' id='word_1_215' title='bbox 1245 2233 1347 2302; x_wconf 89' lang='lat' dir='ltr'><strong>(sc.</strong></span> <span class='ocrx_word' id='word_1_216' title='bbox 1372 2235 1536 2302; x_wconf 85' lang='lat' dir='ltr'><strong>terra)</strong></span> 
     </span>
     <span class='ocr_line' id='line_1_24' title="bbox 431 2302 1535 2371; baseline 0.002 -16"><span class='ocrx_word' id='word_1_217' title='bbox 431 2306 437 2312; x_wconf 83' lang='lat'>&#39;</span> <span class='ocrx_word' id='word_1_218' title='bbox 468 2321 585 2357; x_wconf 86' lang='lat' dir='ltr'><strong>cum</strong></span> <span class='ocrx_word' id='word_1_219' title='bbox 609 2305 803 2371; x_wconf 82' lang='lat' dir='ltr'><strong>gremio</strong></span> <span class='ocrx_word' id='word_1_220' title='bbox 827 2302 1020 2355; x_wconf 87' lang='lat' dir='ltr'><strong>mollito</strong></span> <span class='ocrx_word' id='word_1_221' title='bbox 1045 2319 1106 2356; x_wconf 90' lang='lat' dir='ltr'><strong>ac</strong></span> <span class='ocrx_word' id='word_1_222' title='bbox 1128 2305 1337 2356; x_wconf 84' lang='lat' dir='ltr'><strong>subacto</strong></span> <span class='ocrx_word' id='word_1_223' title='bbox 1357 2319 1535 2357; x_wconf 87' lang='lat' dir='ltr'><strong>semen</strong></span> 
     </span>
    </p>
   </div>
   <div class='ocr_carea' id='block_1_4' title="bbox 1634 2096 2704 2370">
    <p class='ocr_par' dir='ltr' id='par_1_6' title="bbox 1634 2096 2704 2370">
     <span class='ocr_line' id='line_1_25' title="bbox 1703 2096 2702 2166; baseline -0.003 -15"><span class='ocrx_word' id='word_1_224' title='bbox 1703 2102 1981 2164; x_wconf 76' lang='lat' dir='ltr'><strong>interfecit,</strong></span> <span class='ocrx_word' id='word_1_225' title='bbox 2007 2100 2099 2151; x_wconf 86' lang='lat' dir='ltr'><strong>das</strong></span> <span class='ocrx_word' id='word_1_226' title='bbox 2115 2096 2702 2166; x_wconf 74' lang='lat' dir='ltr'><strong>gewiihnlichesseispiel</strong></span> 
     </span>
     <span class='ocr_line' id='line_1_26' title="bbox 1636 2166 2703 2253; baseline -0.003 -34"><span class='ocrx_word' id='word_1_227' title='bbox 1636 2180 1688 2233; x_wconf 87' lang='lat' dir='ltr'><strong>p.</strong></span> <span class='ocrx_word' id='word_1_228' title='bbox 1709 2169 1813 2220; x_wconf 72' lang='lat' dir='ltr'><strong>Mil.</strong></span> <span class='ocrx_word' id='word_1_229' title='bbox 1841 2168 1923 2232; x_wconf 90' lang='grc'><strong>11,</strong></span> <span class='ocrx_word' id='word_1_230' title='bbox 1946 2177 2014 2219; x_wconf 84' lang='grc'><strong>31.</strong></span> <span class='ocrx_word' id='word_1_231' title='bbox 2052 2168 2134 2219; x_wconf 88' lang='lat' dir='ltr'><strong>Or.</strong></span> <span class='ocrx_word' id='word_1_232' title='bbox 2159 2178 2289 2253; x_wconf 83' lang='lat' dir='ltr'><strong>part.</strong></span> <span class='ocrx_word' id='word_1_233' title='bbox 2315 2166 2397 2230; x_wconf 83' lang='lat'><strong>30,</strong></span> <span class='ocrx_word' id='word_1_234' title='bbox 2426 2176 2500 2217; x_wconf 85' lang='grc'><strong>104</strong></span> <span class='ocrx_word' id='word_1_235' title='bbox 2521 2168 2703 2217; x_wconf 87' lang='lat' dir='ltr'><strong>iurene</strong></span> 
     </span>
     <span class='ocr_line' id='line_1_27' title="bbox 1637 2235 2704 2302; baseline -0.001 -16"><span class='ocrx_word' id='word_1_236' title='bbox 1637 2237 1881 2287; x_wconf 86' lang='lat' dir='ltr'><strong>occiderit</strong></span> <span class='ocrx_word' id='word_1_237' title='bbox 1899 2235 2128 2302; x_wconf 84' lang='lat' dir='ltr'><strong>Opimius</strong></span> <span class='ocrx_word' id='word_1_238' title='bbox 2148 2235 2429 2287; x_wconf 74' lang='lat' dir='ltr'><strong>(xracchum</strong></span> <span class='ocrx_word' id='word_1_239' title='bbox 2451 2235 2560 2286; x_wconf 88' lang='lat' dir='ltr'><strong>und</strong></span> <span class='ocrx_word' id='word_1_240' title='bbox 2581 2236 2704 2285; x_wconf 89' lang='lat' dir='ltr'><strong>wei-</strong></span> 
     </span>
     <span class='ocr_line' id='line_1_28' title="bbox 1634 2301 2703 2370; baseline 0 -15"><span class='ocrx_word' id='word_1_241' title='bbox 1634 2311 1711 2355; x_wconf 86' lang='lat' dir='ltr'><strong>ter</strong></span> <span class='ocrx_word' id='word_1_242' title='bbox 1733 2311 1888 2356; x_wconf 85' lang='lat' dir='ltr'><strong>unten</strong></span> <span class='ocrx_word' id='word_1_243' title='bbox 1914 2307 1947 2369; x_wconf 82' lang='lat'>§</span> <span class='ocrx_word' id='word_1_244' title='bbox 1973 2301 2073 2356; x_wconf 81' lang='lat'><strong>106</strong></span> <span class='ocrx_word' id='word_1_245' title='bbox 2095 2305 2228 2357; x_wconf 85' lang='lat' dir='ltr'><strong>sicut</strong></span> <span class='ocrx_word' id='word_1_246' title='bbox 2250 2304 2316 2355; x_wconf 90' lang='lat' dir='ltr'><strong>ab</strong></span> <span class='ocrx_word' id='word_1_247' title='bbox 2338 2304 2563 2370; x_wconf 73' lang='lat' dir='ltr'><strong>Opimioz</strong></span> <span class='ocrx_word' id='word_1_248' title='bbox 2590 2303 2703 2355; x_wconf 87' lang='lat' dir='ltr'><strong>iure</strong></span> 
     </span>
    </p>
   </div>
   <div class='ocr_carea' id='block_1_5' title="bbox 467 2373 1536 2780">
    <p class='ocr_par' dir='ltr' id='par_1_7' title="bbox 467 2373 1536 2571">
     <span class='ocr_line' id='line_1_29' title="bbox 468 2373 1536 2440; baseline 0 -14"><span class='ocrx_word' id='word_1_249' title='bbox 468 2388 707 2440; x_wconf 86' lang='lat' dir='ltr'><strong>sparsum</strong></span> <span class='ocrx_word' id='word_1_250' title='bbox 733 2373 953 2437; x_wconf 85' lang='lat' dir='ltr'><strong>excepit.</strong></span> <span class='ocrx_word' id='word_1_251' title='bbox 980 2373 1083 2424; x_wconf 88' lang='lat' dir='ltr'><strong>Cic.</strong></span> <span class='ocrx_word' id='word_1_252' title='bbox 1103 2388 1189 2439; x_wconf 88' lang='lat' dir='ltr'><strong>ap.</strong></span> <span class='ocrx_word' id='word_1_253' title='bbox 1207 2373 1339 2426; x_wconf 89' lang='lat' dir='ltr'><strong>Non.</strong></span> <span class='ocrx_word' id='word_1_254' title='bbox 1359 2389 1411 2440; x_wconf 93' lang='lat' dir='ltr'><strong>p.</strong></span> <span class='ocrx_word' id='word_1_255' title='bbox 1431 2373 1536 2426; x_wconf 82' lang='lat'><strong>429</strong></span> 
     </span>
     <span class='ocr_line' id='line_1_30' title="bbox 469 2440 1536 2507; baseline 0 -14"><span class='ocrx_word' id='word_1_256' title='bbox 469 2448 672 2507; x_wconf 82' lang='lat' dir='ltr'><strong>segetes</strong></span> <span class='ocrx_word' id='word_1_257' title='bbox 732 2440 985 2506; x_wconf 82' lang='lat' dir='ltr'><strong>agricolae</strong></span> <span class='ocrx_word' id='word_1_258' title='bbox 1052 2442 1293 2507; x_wconf 87' lang='lat' dir='ltr'><strong>subigunt</strong></span> <span class='ocrx_word' id='word_1_259' title='bbox 1356 2444 1536 2493; x_wconf 85' lang='lat' dir='ltr'><strong>aratris</strong></span> 
     </span>
     <span class='ocr_line' id='line_1_31' title="bbox 467 2510 1159 2571; baseline -0.001 -11"><span class='ocrx_word' id='word_1_260' title='bbox 467 2510 625 2560; x_wconf 80' lang='lat' dir='ltr'><strong>multo</strong></span> <span class='ocrx_word' id='word_1_261' title='bbox 651 2518 769 2560; x_wconf 89' lang='lat' dir='ltr'><strong>ante</strong></span> <span class='ocrx_word' id='word_1_262' title='bbox 794 2522 944 2571; x_wconf 89' lang='lat' dir='ltr'><strong>quam</strong></span> <span class='ocrx_word' id='word_1_263' title='bbox 969 2519 1159 2559; x_wconf 88' lang='lat' dir='ltr'><strong>serant.</strong></span> 
     </span>
    </p>

    <p class='ocr_par' dir='ltr' id='par_1_8' title="bbox 467 2577 1532 2780">
     <span class='ocr_line' id='line_1_32' title="bbox 534 2577 1532 2643; baseline -0.003 -13"><span class='ocrx_word' id='word_1_264' title='bbox 534 2585 722 2631; x_wconf 76' lang='lat' dir='ltr'><strong>novato</strong></span> <span class='ocrx_word' id='word_1_265' title='bbox 762 2583 814 2628; x_wconf 79' lang='lat' dir='ltr'><strong>et</strong></span> <span class='ocrx_word' id='word_1_266' title='bbox 854 2578 1068 2636; x_wconf 78' lang='lat' dir='ltr'><strong>iterato,</strong></span> <span class='ocrx_word' id='word_1_267' title='bbox 1128 2577 1197 2626; x_wconf 86' lang='lat' dir='ltr'><strong>im</strong></span> <span class='ocrx_word' id='word_1_268' title='bbox 1244 2578 1532 2643; x_wconf 85' lang='lat' dir='ltr'><strong>Gegensatz</strong></span> 
     </span>
     <span class='ocr_line' id='line_1_33' title="bbox 467 2645 1532 2709; baseline 0 -12"><span class='ocrx_word' id='word_1_269' title='bbox 467 2659 565 2697; x_wconf 86' lang='lat' dir='ltr'><strong>von</strong></span> <span class='ocrx_word' id='word_1_270' title='bbox 591 2646 768 2709; x_wconf 88' lang='lat' dir='ltr'><strong>semel,</strong></span> <span class='ocrx_word' id='word_1_271' title='bbox 799 2645 894 2695; x_wconf 87' lang='lat' dir='ltr'><strong>wie</strong></span> <span class='ocrx_word' id='word_1_272' title='bbox 920 2645 1087 2696; x_wconf 89' lang='lat' dir='ltr'><strong>denuo</strong></span> <span class='ocrx_word' id='word_1_273' title='bbox 1115 2655 1164 2696; x_wconf 88' lang='lat' dir='ltr'><strong>et</strong></span> <span class='ocrx_word' id='word_1_274' title='bbox 1185 2647 1367 2697; x_wconf 84' lang='lat' dir='ltr'><strong>iterum</strong></span> <span class='ocrx_word' id='word_1_275' title='bbox 1392 2656 1532 2697; x_wconf 88' lang='lat' dir='ltr'><strong>arato</strong></span> 
     </span>
     <span class='ocr_line' id='line_1_34' title="bbox 468 2714 1532 2780; baseline -0.002 -14"><span class='ocrx_word' id='word_1_276' title='bbox 468 2714 617 2780; x_wconf 87' lang='lat' dir='ltr'><strong>(agro</strong></span> <span class='ocrx_word' id='word_1_277' title='bbox 642 2717 822 2766; x_wconf 87' lang='lat' dir='ltr'><strong>iterato</strong></span> <span class='ocrx_word' id='word_1_278' title='bbox 849 2722 899 2763; x_wconf 87' lang='lat' dir='ltr'><strong>et</strong></span> <span class='ocrx_word' id='word_1_279' title='bbox 921 2714 1120 2764; x_wconf 87' lang='lat' dir='ltr'><strong>tertiato</strong></span> <span class='ocrx_word' id='word_1_280' title='bbox 1153 2714 1249 2764; x_wconf 85' lang='lat' dir='ltr'><strong>wie</strong></span> <span class='ocrx_word' id='word_1_281' title='bbox 1273 2715 1364 2765; x_wconf 91' lang='lat' dir='ltr'><strong>der</strong></span> <span class='ocrx_word' id='word_1_282' title='bbox 1388 2714 1532 2764; x_wconf 90' lang='lat' dir='ltr'><strong>tech-</strong></span> 
     </span>
    </p>
   </div>
   <div class='ocr_carea' id='block_1_6' title="bbox 396 2781 1533 2849">
    <p class='ocr_par' dir='ltr' id='par_1_9' title="bbox 396 2781 1533 2849">
     <span class='ocr_line' id='line_1_35' title="bbox 396 2781 1533 2849; baseline 0.002 -18"><span class='ocrx_word' id='word_1_283' title='bbox 396 2799 399 2802; x_wconf 94' lang='lat'>·</span> <span class='ocrx_word' id='word_1_284' title='bbox 467 2783 643 2832; x_wconf 87' lang='lat' dir='ltr'><strong>nische</strong></span> <span class='ocrx_word' id='word_1_285' title='bbox 678 2781 951 2832; x_wconf 83' lang='lat' dir='ltr'><strong>Ausdruck</strong></span> <span class='ocrx_word' id='word_1_286' title='bbox 992 2781 1223 2845; x_wconf 86' lang='lat' dir='ltr'><strong>lautete).</strong></span> <span class='ocrx_word' id='word_1_287' title='bbox 1281 2781 1364 2833; x_wconf 87' lang='lat' dir='ltr'><strong>Or.</strong></span> <span class='ocrx_word' id='word_1_288' title='bbox 1398 2790 1533 2849; x_wconf 88' lang='lat' dir='ltr'><strong>part.</strong></span> 
     </span>
    </p>
   </div>
   <div class='ocr_carea' id='block_1_7' title="bbox 460 2847 1533 3934">
    <p class='ocr_par' dir='ltr' id='par_1_10' title="bbox 463 2847 1533 3171">
     <span class='ocr_line' id='line_1_36' title="bbox 466 2847 1533 2915; baseline 0 -15"><span class='ocrx_word' id='word_1_289' title='bbox 466 2847 551 2912; x_wconf 85' lang='lat'><strong>38,</strong></span> <span class='ocrx_word' id='word_1_290' title='bbox 579 2859 655 2900; x_wconf 79' lang='grc'><strong>133</strong></span> <span class='ocrx_word' id='word_1_291' title='bbox 678 2849 767 2913; x_wconf 89' lang='lat' dir='ltr'><strong>qui</strong></span> <span class='ocrx_word' id='word_1_292' title='bbox 789 2849 977 2915; x_wconf 84' lang='lat' dir='ltr'><strong>scripto</strong></span> <span class='ocrx_word' id='word_1_293' title='bbox 1000 2848 1205 2909; x_wconf 85' lang='lat' dir='ltr'><strong>nitetur,</strong></span> <span class='ocrx_word' id='word_1_294' title='bbox 1231 2864 1346 2900; x_wconf 87' lang='lat' dir='ltr'><strong>eum</strong></span> <span class='ocrx_word' id='word_1_295' title='bbox 1363 2866 1420 2900; x_wconf 87' lang='lat' dir='ltr'><strong>re</strong></span> <span class='ocrx_word' id='word_1_296' title='bbox 1438 2865 1533 2900; x_wconf 84' lang='lat' dir='ltr'><strong>ex-</strong></span> 
     </span>
     <span class='ocr_line' id='line_1_37' title="bbox 466 2916 1532 2984; baseline 0.001 -17"><span class='ocrx_word' id='word_1_297' title='bbox 466 2917 636 2984; x_wconf 88' lang='lat' dir='ltr'><strong>posita</strong></span> <span class='ocrx_word' id='word_1_298' title='bbox 651 2916 949 2967; x_wconf 87' lang='lat' dir='ltr'><strong>recitatione</strong></span> <span class='ocrx_word' id='word_1_299' title='bbox 957 2916 1033 2966; x_wconf 82' lang='lat' dir='ltr'><strong>uti</strong></span> <span class='ocrx_word' id='word_1_300' title='bbox 1045 2917 1295 2982; x_wconf 85' lang='lat' dir='ltr'><strong>oportebit</strong></span> <span class='ocrx_word' id='word_1_301' title='bbox 1307 2934 1322 2977; x_wconf 72' lang='grc' dir='ltr'>ς</span> <span class='ocrx_word' id='word_1_302' title='bbox 1342 2918 1532 2968; x_wconf 88' lang='lat' dir='ltr'><strong>deinde</strong></span> 
     </span>
     <span class='ocr_line' id='line_1_38' title="bbox 463 2982 1532 3047; baseline 0.003 -13"><span class='ocrx_word' id='word_1_303' title='bbox 463 2986 657 3035; x_wconf 87' lang='lat' dir='ltr'><strong>instare</strong></span> <span class='ocrx_word' id='word_1_304' title='bbox 680 2982 972 3034; x_wconf 84' lang='lat' dir='ltr'><strong>adversario</strong></span> <span class='ocrx_word' id='word_1_305' title='bbox 986 3019 1002 3045; x_wconf 91' lang='lat'>,</span> <span class='ocrx_word' id='word_1_306' title='bbox 1024 2984 1237 3046; x_wconf 76' lang='lat' dir='ltr'><strong>iterare,</strong></span> <span class='ocrx_word' id='word_1_307' title='bbox 1263 3001 1532 3047; x_wconf 77' lang='lat' dir='ltr'><strong>renovare,</strong></span> 
     </span>
     <span class='ocr_line' id='line_1_39' title="bbox 465 3051 1531 3120; baseline 0.002 -18"><span class='ocrx_word' id='word_1_308' title='bbox 465 3053 805 3118; x_wconf 82' lang='lat' dir='ltr'><strong>interrogare,</strong></span> <span class='ocrx_word' id='word_1_309' title='bbox 836 3064 958 3102; x_wconf 88' lang='lat' dir='ltr'><strong>num</strong></span> <span class='ocrx_word' id='word_1_310' title='bbox 981 3058 1070 3100; x_wconf 87' lang='lat' dir='ltr'><strong>aut</strong></span> <span class='ocrx_word' id='word_1_311' title='bbox 1092 3051 1339 3118; x_wconf 88' lang='lat' dir='ltr'><strong>scriptum</strong></span> <span class='ocrx_word' id='word_1_312' title='bbox 1363 3063 1531 3120; x_wconf 88' lang='lat' dir='ltr'><strong>neget,</strong></span> 
     </span>
     <span class='ocr_line' id='line_1_40' title="bbox 463 3118 1249 3171; baseline 0.001 -1"><span class='ocrx_word' id='word_1_313' title='bbox 463 3129 554 3170; x_wconf 86' lang='lat' dir='ltr'><strong>aut</strong></span> <span class='ocrx_word' id='word_1_314' title='bbox 577 3130 754 3171; x_wconf 85' lang='lat' dir='ltr'><strong>contra</strong></span> <span class='ocrx_word' id='word_1_315' title='bbox 776 3118 967 3169; x_wconf 79' lang='lat' dir='ltr'><strong>factum</strong></span> <span class='ocrx_word' id='word_1_316' title='bbox 988 3118 1249 3171; x_wconf 80' lang='lat' dir='ltr'><strong>infitietur.</strong></span> 
     </span>
    </p>

    <p class='ocr_par' dir='ltr' id='par_1_11' title="bbox 533 3186 999 3250">
     <span class='ocr_line' id='line_1_41' title="bbox 533 3186 999 3250; baseline 0 -12"><span class='ocrx_word' id='word_1_317' title='bbox 533 3197 625 3240; x_wconf 80' lang='grc'><strong>132.</strong></span> <span class='ocrx_word' id='word_1_318' title='bbox 662 3187 794 3239; x_wconf 88' lang='lat' dir='ltr'><strong>Einl.</strong></span> <span class='ocrx_word' id='word_1_319' title='bbox 820 3188 867 3238; x_wconf 88' lang='grc' dir='ltr'><strong>ΙΙ</strong></span> <span class='ocrx_word' id='word_1_320' title='bbox 892 3186 923 3250; x_wconf 75' lang='lat' dir='ltr'>S</span> <span class='ocrx_word' id='word_1_321' title='bbox 947 3186 999 3238; x_wconf 87' lang='lat'><strong>3.</strong></span> 
     </span>
    </p>

    <p class='ocr_par' dir='ltr' id='par_1_12' title="bbox 460 3254 1533 3730">
     <span class='ocr_line' id='line_1_42' title="bbox 532 3254 1532 3316; baseline -0.002 -8"><span class='ocrx_word' id='word_1_322' title='bbox 532 3257 613 3308; x_wconf 70' lang='lat' dir='ltr'><strong>leis</strong></span> <span class='ocrx_word' id='word_1_323' title='bbox 656 3256 1093 3316; x_wconf 69' lang='lat' dir='ltr'><strong>subductionibas,</strong></span> <span class='ocrx_word' id='word_1_324' title='bbox 1173 3254 1366 3307; x_wconf 85' lang='lat' dir='ltr'><strong>mittels</strong></span> <span class='ocrx_word' id='word_1_325' title='bbox 1440 3257 1532 3308; x_wconf 85' lang='lat' dir='ltr'><strong>der</strong></span> 
     </span>
     <span class='ocr_line' id='line_1_43' title="bbox 462 3323 1533 3390; baseline 0 -15"><span class='ocrx_word' id='word_1_326' title='bbox 462 3323 786 3376; x_wconf 83' lang='lat' dir='ltr'><strong>kiinstlichen</strong></span> <span class='ocrx_word' id='word_1_327' title='bbox 809 3323 1304 3390; x_wconf 85' lang='lat' dir='ltr'><strong>Nachrechnungen,</strong></span> <span class='ocrx_word' id='word_1_328' title='bbox 1338 3323 1533 3376; x_wconf 84' lang='lat' dir='ltr'><strong>welche</strong></span> 
     </span>
     <span class='ocr_line' id='line_1_44' title="bbox 464 3391 1529 3459; baseline 0.001 -16"><span class='ocrx_word' id='word_1_329' title='bbox 464 3393 707 3444; x_wconf 87' lang='lat' dir='ltr'><strong>Nummer</strong></span> <span class='ocrx_word' id='word_1_330' title='bbox 729 3392 952 3444; x_wconf 68' lang='lat' dir='ltr'><strong>nfimlich</strong></span> <span class='ocrx_word' id='word_1_331' title='bbox 977 3393 1102 3444; x_wconf 89' lang='lat' dir='ltr'><strong>oder</strong></span> <span class='ocrx_word' id='word_1_332' title='bbox 1124 3391 1317 3443; x_wconf 86' lang='lat' dir='ltr'><strong>welche</strong></span> <span class='ocrx_word' id='word_1_333' title='bbox 1335 3393 1529 3459; x_wconf 84' lang='lat' dir='ltr'><strong>Haupt·</strong></span> 
     </span>
     <span class='ocr_line' id='line_1_45' title="bbox 463 3460 1530 3526; baseline 0.002 -15"><span class='ocrx_word' id='word_1_334' title='bbox 463 3462 572 3512; x_wconf 89' lang='lat' dir='ltr'><strong>und</strong></span> <span class='ocrx_word' id='word_1_335' title='bbox 605 3461 1027 3526; x_wconf 84' lang='lat' dir='ltr'><strong>Unterabteilung</strong></span> <span class='ocrx_word' id='word_1_336' title='bbox 1071 3461 1121 3510; x_wconf 93' lang='lat' dir='ltr'><strong>in</strong></span> <span class='ocrx_word' id='word_1_337' title='bbox 1158 3460 1274 3511; x_wconf 87' lang='lat' dir='ltr'><strong>dem</strong></span> <span class='ocrx_word' id='word_1_338' title='bbox 1307 3460 1530 3513; x_wconf 79' lang='lat' dir='ltr'><strong>vielfach</strong></span> 
     </span>
     <span class='ocr_line' id='line_1_46' title="bbox 462 3527 1527 3595; baseline 0.003 -16"><span class='ocrx_word' id='word_1_339' title='bbox 462 3530 809 3595; x_wconf 83' lang='lat' dir='ltr'><strong>gegliederten</strong></span> <span class='ocrx_word' id='word_1_340' title='bbox 821 3528 1038 3581; x_wconf 87' lang='lat' dir='ltr'><strong>Schema</strong></span> <span class='ocrx_word' id='word_1_341' title='bbox 1056 3530 1148 3581; x_wconf 86' lang='lat' dir='ltr'><strong>der</strong></span> <span class='ocrx_word' id='word_1_342' title='bbox 1157 3527 1320 3580; x_wconf 87' lang='lat' dir='ltr'><strong>Lehre</strong></span> <span class='ocrx_word' id='word_1_343' title='bbox 1339 3530 1403 3581; x_wconf 87' lang='lat' dir='ltr'><strong>de</strong></span> <span class='ocrx_word' id='word_1_344' title='bbox 1421 3539 1527 3581; x_wconf 81' lang='lat' dir='ltr'><strong>sta·</strong></span> 
     </span>
     <span class='ocr_line' id='line_1_47' title="bbox 460 3597 1531 3664; baseline 0.002 -18"><span class='ocrx_word' id='word_1_345' title='bbox 460 3598 599 3648; x_wconf 86' lang='lat' dir='ltr'><strong>tibus</strong></span> <span class='ocrx_word' id='word_1_346' title='bbox 622 3597 812 3663; x_wconf 84' lang='lat' dir='ltr'><strong>gerade</strong></span> <span class='ocrx_word' id='word_1_347' title='bbox 837 3598 1276 3664; x_wconf 85' lang='lat' dir='ltr'><strong>zurAnwendung</strong></span> <span class='ocrx_word' id='word_1_348' title='bbox 1299 3615 1361 3649; x_wconf 83' lang='lat' dir='ltr'><strong>zu</strong></span> <span class='ocrx_word' id='word_1_349' title='bbox 1389 3599 1531 3651; x_wconf 87' lang='lat' dir='ltr'><strong>brin-</strong></span> 
     </span>
     <span class='ocr_line' id='line_1_48' title="bbox 461 3679 680 3730; baseline 0.014 -15"><span class='ocrx_word' id='word_1_350' title='bbox 461 3679 563 3730; x_wconf 89' lang='lat' dir='ltr'><strong>gen</strong></span> <span class='ocrx_word' id='word_1_351' title='bbox 587 3680 680 3719; x_wconf 78' lang='lat' dir='ltr'><strong>sel.</strong></span> 
     </span>
    </p>

    <p class='ocr_par' dir='ltr' id='par_1_13' title="bbox 461 3731 1530 3934">
     <span class='ocr_line' id='line_1_49' title="bbox 533 3731 1530 3800; baseline 0.002 -17"><span class='ocrx_word' id='word_1_352' title='bbox 533 3734 660 3800; x_wconf 80' lang='lat' dir='ltr'><strong>quid</strong></span> <span class='ocrx_word' id='word_1_353' title='bbox 671 3734 841 3784; x_wconf 75' lang='lat' dir='ltr'><strong>veniat</strong></span> <span class='ocrx_word' id='word_1_354' title='bbox 858 3735 911 3784; x_wconf 77' lang='lat' dir='ltr'><strong>in</strong></span> <span class='ocrx_word' id='word_1_355' title='bbox 927 3735 1162 3785; x_wconf 74' lang='lat' dir='ltr'><strong>iudicium</strong></span> <span class='ocrx_word' id='word_1_356' title='bbox 1184 3749 1237 3800; x_wconf 84' lang='lat' dir='ltr'><strong>p.</strong></span> <span class='ocrx_word' id='word_1_357' title='bbox 1250 3733 1358 3785; x_wconf 84' lang='lat' dir='ltr'><strong>Mil.</strong></span> <span class='ocrx_word' id='word_1_358' title='bbox 1380 3731 1458 3796; x_wconf 91' lang='lat'><strong>11,</strong></span> <span class='ocrx_word' id='word_1_359' title='bbox 1478 3742 1530 3785; x_wconf 85' lang='grc'><strong>31</strong></span> 
     </span>
     <span class='ocr_line' id='line_1_50' title="bbox 463 3801 1529 3863; baseline 0.001 -11"><span class='ocrx_word' id='word_1_360' title='bbox 463 3802 543 3852; x_wconf 84' lang='lat' dir='ltr'><strong>sin</strong></span> <span class='ocrx_word' id='word_1_361' title='bbox 569 3802 670 3852; x_wconf 88' lang='lat' dir='ltr'><strong>hoc</strong></span> <span class='ocrx_word' id='word_1_362' title='bbox 693 3816 839 3852; x_wconf 88' lang='lat' dir='ltr'><strong>nemo</strong></span> <span class='ocrx_word' id='word_1_363' title='bbox 864 3810 1088 3852; x_wconf 88' lang='lat' dir='ltr'><strong>vestrum</strong></span> <span class='ocrx_word' id='word_1_364' title='bbox 1112 3803 1182 3853; x_wconf 88' lang='lat' dir='ltr'><strong>ita</strong></span> <span class='ocrx_word' id='word_1_365' title='bbox 1207 3801 1375 3863; x_wconf 84' lang='lat' dir='ltr'><strong>sentit,</strong></span> <span class='ocrx_word' id='word_1_366' title='bbox 1401 3801 1529 3853; x_wconf 91' lang='lat' dir='ltr'><strong>illud</strong></span> 
     </span>
     <span class='ocr_line' id='line_1_51' title="bbox 461 3870 1529 3934; baseline 0.001 -15"><span class='ocrx_word' id='word_1_367' title='bbox 461 3871 564 3921; x_wconf 86' lang='lat' dir='ltr'><strong>iam</strong></span> <span class='ocrx_word' id='word_1_368' title='bbox 588 3870 642 3920; x_wconf 89' lang='lat' dir='ltr'><strong>iu</strong></span> <span class='ocrx_word' id='word_1_369' title='bbox 665 3870 908 3921; x_wconf 87' lang='lat' dir='ltr'><strong>iudicium</strong></span> <span class='ocrx_word' id='word_1_370' title='bbox 926 3870 1082 3933; x_wconf 88' lang='lat' dir='ltr'><strong>venit,</strong></span> <span class='ocrx_word' id='word_1_371' title='bbox 1112 3885 1234 3934; x_wconf 89' lang='lat' dir='ltr'><strong>non,</strong></span> <span class='ocrx_word' id='word_1_372' title='bbox 1259 3870 1529 3920; x_wconf 84' lang='lat' dir='ltr'><strong>occisusne</strong></span> 
     </span>
    </p>
   </div>
   <div class='ocr_carea' id='block_1_8' title="bbox 386 3937 1526 4002">
    <p class='ocr_par' dir='ltr' id='par_1_14' title="bbox 386 3937 1526 4002">
     <span class='ocr_line' id='line_1_52' title="bbox 386 3937 1526 4002; baseline -0.001 -13"><span class='ocrx_word' id='word_1_373' title='bbox 386 3964 393 3974; x_wconf 89' lang='lat'><strong>·</strong></span> <span class='ocrx_word' id='word_1_374' title='bbox 461 3938 546 4001; x_wconf 86' lang='lat' dir='ltr'><strong>sit,</strong></span> <span class='ocrx_word' id='word_1_375' title='bbox 570 3938 711 4002; x_wconf 92' lang='lat' dir='ltr'><strong>quod</strong></span> <span class='ocrx_word' id='word_1_376' title='bbox 734 3937 966 4002; x_wconf 82' lang='lat' dir='ltr'><strong>fatemur,</strong></span> <span class='ocrx_word' id='word_1_377' title='bbox 992 3938 1084 3989; x_wconf 88' lang='lat' dir='ltr'><strong>sed</strong></span> <span class='ocrx_word' id='word_1_378' title='bbox 1107 3939 1218 3988; x_wconf 88' lang='lat' dir='ltr'><strong>iure</strong></span> <span class='ocrx_word' id='word_1_379' title='bbox 1240 3952 1304 3988; x_wconf 89' lang='lat' dir='ltr'><strong>an</strong></span> <span class='ocrx_word' id='word_1_380' title='bbox 1325 3938 1526 4001; x_wconf 89' lang='lat' dir='ltr'><strong>iniuria,</strong></span> 
     </span>
    </p>
   </div>
   <div class='ocr_carea' id='block_1_9' title="bbox 462 4005 1548 4339">
    <p class='ocr_par' dir='ltr' id='par_1_15' title="bbox 462 4005 1548 4339">
     <span class='ocr_line' id='line_1_53' title="bbox 462 4005 1528 4084; baseline 0.001 -28"><span class='ocrx_word' id='word_1_381' title='bbox 462 4006 600 4070; x_wconf 87' lang='lat' dir='ltr'><strong>quod</strong></span> <span class='ocrx_word' id='word_1_382' title='bbox 619 4006 792 4084; x_wconf 82' lang='lat' dir='ltr'><strong>multis</strong></span> <span class='ocrx_word' id='word_1_383' title='bbox 810 4007 864 4057; x_wconf 88' lang='lat' dir='ltr'><strong>in</strong></span> <span class='ocrx_word' id='word_1_384' title='bbox 881 4006 1050 4057; x_wconf 89' lang='lat' dir='ltr'><strong>causis</strong></span> <span class='ocrx_word' id='word_1_385' title='bbox 1068 4021 1222 4073; x_wconf 90' lang='lat' dir='ltr'><strong>saepe</strong></span> <span class='ocrx_word' id='word_1_386' title='bbox 1241 4005 1528 4070; x_wconf 88' lang='lat' dir='ltr'><strong>quaesitum</strong></span> 
     </span>
     <span class='ocr_line' id='line_1_54' title="bbox 464 4080 1548 4207; baseline 0.002 -18"><span class='ocrx_word' id='word_1_387' title='bbox 464 4080 645 4202; x_wconf 57' lang='lat' dir='ltr'><strong>esti-sti,</strong></span> <span class='ocrx_word' id='word_1_388' title='bbox 697 4141 780 4192; x_wconf 87' lang='lat' dir='ltr'><strong>die</strong></span> <span class='ocrx_word' id='word_1_389' title='bbox 817 4140 1167 4207; x_wconf 81' lang='lat' dir='ltr'><strong>griechischen</strong></span> <span class='ocrx_word' id='word_1_390' title='bbox 1208 4141 1548 4203; x_wconf 79' lang='lat' dir='ltr'><strong>Rhetoriker,.</strong></span> 
     </span>
     <span class='ocr_line' id='line_1_55' title="bbox 465 4206 1527 4339; baseline 0.006 -85"><span class='ocrx_word' id='word_1_391' title='bbox 465 4206 890 4339; x_wconf 52' lang='lat' dir='ltr'><strong>geg?¹1³{1}r{3.⁸eit</strong></span> <span class='ocrx_word' id='word_1_392' title='bbox 924 4210 1289 4274; x_wconf 79' lang='lat' dir='ltr'><strong>Hermagoras,</strong></span> <span class='ocrx_word' id='word_1_393' title='bbox 1337 4210 1469 4261; x_wconf 86' lang='lat' dir='ltr'><strong>Einl.</strong></span> <span class='ocrx_word' id='word_1_394' title='bbox 1506 4210 1527 4260; x_wconf 92' lang='lat'>1</span> 
     </span>
    </p>
   </div>
   <div class='ocr_carea' id='block_1_10' title="bbox 1632 2372 2704 2915">
    <p class='ocr_par' dir='ltr' id='par_1_16' title="bbox 1632 2372 2704 2915">
     <span class='ocr_line' id='line_1_56' title="bbox 1637 2372 2704 2424; baseline -0.002 -1"><span class='ocrx_word' id='word_1_395' title='bbox 1637 2372 1738 2424; x_wconf 75' lang='lat' dir='ltr'><strong>feci</strong></span> <span class='ocrx_word' id='word_1_396' title='bbox 1769 2373 1948 2424; x_wconf 82' lang='lat' dir='ltr'><strong>salutis</strong></span> <span class='ocrx_word' id='word_1_397' title='bbox 1984 2374 2212 2423; x_wconf 85' lang='lat' dir='ltr'><strong>omnium</strong></span> <span class='ocrx_word' id='word_1_398' title='bbox 2246 2381 2295 2423; x_wconf 83' lang='lat' dir='ltr'><strong>et</strong></span> <span class='ocrx_word' id='word_1_399' title='bbox 2321 2373 2704 2424; x_wconf 83' lang='lat' dir='ltr'><strong>conservandae</strong></span> 
     </span>
     <span class='ocr_line' id='line_1_57' title="bbox 1636 2440 2700 2508; baseline -0.002 -16"><span class='ocrx_word' id='word_1_400' title='bbox 1636 2442 1944 2508; x_wconf 88' lang='lat' dir='ltr'><strong>reipublicae</strong></span> <span class='ocrx_word' id='word_1_401' title='bbox 1968 2454 2153 2491; x_wconf 85' lang='lat' dir='ltr'><strong>causa=</strong></span> <span class='ocrx_word' id='word_1_402' title='bbox 2189 2440 2507 2504; x_wconf 89' lang='lat' dir='ltr'><strong>relatumque</strong></span> <span class='ocrx_word' id='word_1_403' title='bbox 2532 2447 2609 2491; x_wconf 89' lang='lat' dir='ltr'><strong>est</strong></span> <span class='ocrx_word' id='word_1_404' title='bbox 2632 2441 2700 2490; x_wconf 86' lang='lat' dir='ltr'><strong>ab</strong></span> 
     </span>
     <span class='ocr_line' id='line_1_58' title="bbox 1632 2509 2703 2571; baseline 0 -13"><span class='ocrx_word' id='word_1_405' title='bbox 1632 2510 1811 2560; x_wconf 88' lang='lat' dir='ltr'><strong>Decio:</strong></span> <span class='ocrx_word' id='word_1_406' title='bbox 1839 2524 1904 2559; x_wconf 90' lang='lat' dir='ltr'><strong>ne</strong></span> <span class='ocrx_word' id='word_1_407' title='bbox 1928 2509 2373 2560; x_wconf 87' lang='lat' dir='ltr'><strong>sceleratissimum</strong></span> <span class='ocrx_word' id='word_1_408' title='bbox 2398 2509 2605 2571; x_wconf 87' lang='lat' dir='ltr'><strong>quidem</strong></span> <span class='ocrx_word' id='word_1_409' title='bbox 2626 2510 2703 2558; x_wconf 92' lang='lat' dir='ltr'><strong>ci-</strong></span> 
     </span>
     <span class='ocr_line' id='line_1_59' title="bbox 1633 2576 2703 2638; baseline -0.002 -10"><span class='ocrx_word' id='word_1_410' title='bbox 1633 2592 1751 2628; x_wconf 88' lang='lat' dir='ltr'><strong>vem</strong></span> <span class='ocrx_word' id='word_1_411' title='bbox 1784 2577 1897 2629; x_wconf 86' lang='lat' dir='ltr'><strong>sine</strong></span> <span class='ocrx_word' id='word_1_412' title='bbox 1926 2577 2146 2638; x_wconf 88' lang='lat' dir='ltr'><strong>iudici0‚</strong></span> <span class='ocrx_word' id='word_1_413' title='bbox 2188 2576 2297 2628; x_wconf 88' lang='lat' dir='ltr'><strong>iure</strong></span> <span class='ocrx_word' id='word_1_414' title='bbox 2344 2577 2482 2628; x_wconf 84' lang='lat' dir='ltr'><strong>nullo</strong></span> <span class='ocrx_word' id='word_1_415' title='bbox 2516 2590 2703 2627; x_wconf 85' lang='lat' dir='ltr'><strong>necare</strong></span> 
     </span>
     <span class='ocr_line' id='line_1_60' title="bbox 1633 2644 2701 2713; baseline -0.001 -17"><span class='ocrx_word' id='word_1_416' title='bbox 1633 2644 1876 2713; x_wconf 62' lang='lat' dir='ltr'><strong>potuisti.</strong></span> <span class='ocrx_word' id='word_1_417' title='bbox 1923 2646 2091 2697; x_wconf 87' lang='lat' dir='ltr'><strong>Oritur</strong></span> <span class='ocrx_word' id='word_1_418' title='bbox 2123 2645 2212 2694; x_wconf 89' lang='lat' dir='ltr'><strong>illa</strong></span> <span class='ocrx_word' id='word_1_419' title='bbox 2236 2644 2562 2711; x_wconf 81' lang='lat' dir='ltr'><strong>disceptatio:</strong></span> <span class='ocrx_word' id='word_1_420' title='bbox 2600 2659 2701 2710; x_wconf 87' lang='lat' dir='ltr'><strong>po-</strong></span> 
     </span>
     <span class='ocr_line' id='line_1_61' title="bbox 1632 2713 2702 2779; baseline 0 -17"><span class='ocrx_word' id='word_1_421' title='bbox 1632 2713 1850 2764; x_wconf 86' lang='lat' dir='ltr'><strong>tueritne</strong></span> <span class='ocrx_word' id='word_1_422' title='bbox 1864 2720 2002 2763; x_wconf 87' lang='lat' dir='ltr'><strong>recte</strong></span> <span class='ocrx_word' id='word_1_423' title='bbox 2019 2713 2200 2764; x_wconf 89' lang='lat' dir='ltr'><strong>salutis</strong></span> <span class='ocrx_word' id='word_1_424' title='bbox 2216 2713 2531 2779; x_wconf 85' lang='lat' dir='ltr'><strong>reipublicae</strong></span> <span class='ocrx_word' id='word_1_425' title='bbox 2546 2727 2702 2763; x_wconf 88' lang='lat' dir='ltr'><strong>causa</strong></span> 
     </span>
     <span class='ocr_line' id='line_1_62' title="bbox 1635 2781 2698 2845; baseline -0.003 -13"><span class='ocrx_word' id='word_1_426' title='bbox 1635 2781 1827 2845; x_wconf 86' lang='lat' dir='ltr'><strong>civem,</strong></span> <span class='ocrx_word' id='word_1_427' title='bbox 1853 2796 2141 2832; x_wconf 85' lang='lat' dir='ltr'><strong>eversorem</strong></span> <span class='ocrx_word' id='word_1_428' title='bbox 2166 2781 2402 2841; x_wconf 86' lang='lat' dir='ltr'><strong>civitatis,</strong></span> <span class='ocrx_word' id='word_1_429' title='bbox 2428 2781 2698 2831; x_wconf 86' lang='lat' dir='ltr'><strong>indemna-</strong></span> 
     </span>
     <span class='ocr_line' id='line_1_63' title="bbox 1632 2846 2630 2915; baseline -0.001 -15"><span class='ocrx_word' id='word_1_430' title='bbox 1632 2859 1741 2901; x_wconf 85' lang='lat' dir='ltr'><strong>tum</strong></span> <span class='ocrx_word' id='word_1_431' title='bbox 1765 2864 1966 2900; x_wconf 87' lang='lat' dir='ltr'><strong>necare.</strong></span> <span class='ocrx_word' id='word_1_432' title='bbox 1992 2876 2057 2886; x_wconf 98' lang='lat'><strong>—</strong></span> <span class='ocrx_word' id='word_1_433' title='bbox 2080 2851 2140 2901; x_wconf 80' lang='lat' dir='ltr'><strong>id</strong></span> <span class='ocrx_word' id='word_1_434' title='bbox 2158 2851 2342 2915; x_wconf 73' lang='lat' dir='ltr'><strong>ipsum,</strong></span> <span class='ocrx_word' id='word_1_435' title='bbox 2372 2846 2510 2909; x_wconf 83' lang='lat'><strong>146,</strong></span> <span class='ocrx_word' id='word_1_436' title='bbox 2534 2858 2630 2900; x_wconf 82' lang='lat'><strong>202.</strong></span> 
     </span>
    </p>
   </div>
   <div class='ocr_carea' id='block_1_11' title="bbox 1631 2951 2704 3355">
    <p class='ocr_par' dir='ltr' id='par_1_17' title="bbox 1631 2951 2704 3355">
     <span class='ocr_line' id='line_1_64' title="bbox 1701 2951 2701 3017; baseline -0.001 -16"><span class='ocrx_word' id='word_1_437' title='bbox 1701 2953 1792 3002; x_wconf 76' lang='lat' dir='ltr'><strong>illa</strong></span> <span class='ocrx_word' id='word_1_438' title='bbox 1816 2953 2142 3017; x_wconf 80' lang='lat' dir='ltr'><strong>quaerenda:</strong></span> <span class='ocrx_word' id='word_1_439' title='bbox 2168 2966 2298 3016; x_wconf 81' lang='lat' dir='ltr'><strong>quae</strong></span> <span class='ocrx_word' id='word_1_440' title='bbox 2324 2958 2421 3002; x_wconf 87' lang='lat' dir='ltr'><strong>etc.</strong></span> <span class='ocrx_word' id='word_1_441' title='bbox 2446 2951 2540 3000; x_wconf 88' lang='lat' dir='ltr'><strong>mit</strong></span> <span class='ocrx_word' id='word_1_442' title='bbox 2558 2951 2701 3006; x_wconf 87' lang='lat' dir='ltr'><strong>einer</strong></span> 
     </span>
     <span class='ocr_line' id='line_1_65' title="bbox 1634 3015 2698 3084; baseline 0 -16"><span class='ocrx_word' id='word_1_443' title='bbox 1634 3018 2019 3084; x_wconf 71' lang='lat' dir='ltr'><strong>gewohnlichen</strong></span> <span class='ocrx_word' id='word_1_444' title='bbox 2041 3019 2319 3070; x_wconf 86' lang='lat' dir='ltr'><strong>Attraction</strong></span> <span class='ocrx_word' id='word_1_445' title='bbox 2340 3019 2436 3068; x_wconf 92' lang='lat' dir='ltr'><strong>wie</strong></span> <span class='ocrx_word' id='word_1_446' title='bbox 2452 3018 2592 3069; x_wconf 85' lang='lat' dir='ltr'><strong>Lael.</strong></span> <span class='ocrx_word' id='word_1_447' title='bbox 2613 3015 2698 3075; x_wconf 82' lang='lat'><strong>16,</strong></span> 
     </span>
     <span class='ocr_line' id='line_1_66' title="bbox 1633 3086 2704 3150; baseline -0.001 -14"><span class='ocrx_word' id='word_1_448' title='bbox 1633 3095 1684 3136; x_wconf 84' lang='lat'><strong>56</strong></span> <span class='ocrx_word' id='word_1_449' title='bbox 1730 3086 2083 3138; x_wconf 80' lang='lat' dir='ltr'><strong>constituendi</strong></span> <span class='ocrx_word' id='word_1_450' title='bbox 2106 3096 2275 3137; x_wconf 86' lang='lat' dir='ltr'><strong>autem</strong></span> <span class='ocrx_word' id='word_1_451' title='bbox 2299 3095 2450 3146; x_wconf 75' lang='lat' dir='ltr'><strong>sunt,</strong></span> <span class='ocrx_word' id='word_1_452' title='bbox 2484 3087 2573 3150; x_wconf 89' lang='lat' dir='ltr'><strong>qui</strong></span> <span class='ocrx_word' id='word_1_453' title='bbox 2596 3086 2704 3136; x_wconf 84' lang='lat' dir='ltr'><strong>sint</strong></span> 
     </span>
     <span class='ocr_line' id='line_1_67' title="bbox 1631 3153 2700 3219; baseline -0.001 -16"><span class='ocrx_word' id='word_1_454' title='bbox 1631 3154 1685 3204; x_wconf 87' lang='lat' dir='ltr'><strong>in</strong></span> <span class='ocrx_word' id='word_1_455' title='bbox 1711 3154 1931 3205; x_wconf 88' lang='lat' dir='ltr'><strong>amicitia</strong></span> <span class='ocrx_word' id='word_1_456' title='bbox 1948 3154 2078 3205; x_wconf 85' lang='lat' dir='ltr'><strong>fines</strong></span> <span class='ocrx_word' id='word_1_457' title='bbox 2113 3164 2162 3205; x_wconf 85' lang='lat' dir='ltr'><strong>et</strong></span> <span class='ocrx_word' id='word_1_458' title='bbox 2196 3155 2345 3219; x_wconf 89' lang='lat' dir='ltr'><strong>quasi</strong></span> <span class='ocrx_word' id='word_1_459' title='bbox 2378 3154 2582 3204; x_wconf 85' lang='lat' dir='ltr'><strong>termini</strong></span> <span class='ocrx_word' id='word_1_460' title='bbox 2616 3153 2700 3203; x_wconf 88' lang='lat' dir='ltr'><strong>di-</strong></span> 
     </span>
     <span class='ocr_line' id='line_1_68' title="bbox 1631 3219 2703 3355; baseline -0.001 -83"><span class='ocrx_word' id='word_1_461' title='bbox 1631 3222 1843 3355; x_wconf 53' lang='lat' dir='ltr'><strong>lligendi).</strong></span> <span class='ocrx_word' id='word_1_462' title='bbox 1907 3222 2074 3273; x_wconf 85' lang='lat' dir='ltr'><strong>Daher</strong></span> <span class='ocrx_word' id='word_1_463' title='bbox 2109 3221 2241 3273; x_wconf 90' lang='lat' dir='ltr'><strong>auch</strong></span> <span class='ocrx_word' id='word_1_464' title='bbox 2275 3223 2491 3273; x_wconf 86' lang='lat' dir='ltr'><strong>debeant</strong></span> <span class='ocrx_word' id='word_1_465' title='bbox 2534 3219 2703 3287; x_wconf 87' lang='lat' dir='ltr'><strong>(nicht</strong></span> 
     </span>
     <span class='ocr_line' id='line_1_69' title="bbox 1668 3292 1860 3342; baseline 0.01 -2"><span class='ocrx_word' id='word_1_466' title='bbox 1668 3292 1820 3341; x_wconf 87' lang='lat' dir='ltr'><strong>ebeut</strong></span> <span class='ocrx_word' id='word_1_467' title='bbox 1848 3328 1860 3342; x_wconf 90' lang='lat'><strong>.</strong></span> 
     </span>
    </p>
   </div>
   <div class='ocr_carea' id='block_1_12' title="bbox 1626 3390 2706 4344">
    <p class='ocr_par' dir='ltr' id='par_1_18' title="bbox 1626 3390 2706 4344">
     <span class='ocr_line' id='line_1_70' title="bbox 1699 3390 2700 3460; baseline -0.003 -16"><span class='ocrx_word' id='word_1_468' title='bbox 1699 3390 1783 3454; x_wconf 79' lang='lat'><strong>31,</strong></span> <span class='ocrx_word' id='word_1_469' title='bbox 1809 3400 1901 3444; x_wconf 83' lang='grc'><strong>183.</strong></span> <span class='ocrx_word' id='word_1_470' title='bbox 1926 3409 2029 3445; x_wconf 81' lang='lat' dir='ltr'><strong>non</strong></span> <span class='ocrx_word' id='word_1_471' title='bbox 2049 3408 2164 3460; x_wconf 80' lang='lat' dir='ltr'><strong>quo.</strong></span> <span class='ocrx_word' id='word_1_472' title='bbox 2192 3391 2280 3443; x_wconf 88' lang='lat' dir='ltr'><strong>Ich</strong></span> <span class='ocrx_word' id='word_1_473' title='bbox 2300 3390 2535 3443; x_wconf 69' lang='lat' dir='ltr'><strong>erwiihne</strong></span> <span class='ocrx_word' id='word_1_474' title='bbox 2560 3391 2700 3443; x_wconf 87' lang='lat' dir='ltr'><strong>diess</strong></span> 
     </span>
     <span class='ocr_line' id='line_1_71' title="bbox 1630 3461 2701 3527; baseline -0.002 -16"><span class='ocrx_word' id='word_1_475' title='bbox 1630 3462 1875 3527; x_wconf 84' lang='lat' dir='ltr'><strong>iibrigens</strong></span> <span class='ocrx_word' id='word_1_476' title='bbox 1909 3461 2077 3526; x_wconf 89' lang='lat' dir='ltr'><strong>nicht,</strong></span> <span class='ocrx_word' id='word_1_477' title='bbox 2122 3461 2281 3511; x_wconf 86' lang='lat' dir='ltr'><strong>meint</strong></span> <span class='ocrx_word' id='word_1_478' title='bbox 2315 3461 2407 3523; x_wconf 61' lang='lat' dir='ltr'><strong>A„</strong></span> <span class='ocrx_word' id='word_1_479' title='bbox 2451 3461 2547 3510; x_wconf 90' lang='lat' dir='ltr'><strong>wie</strong></span> <span class='ocrx_word' id='word_1_480' title='bbox 2577 3473 2701 3509; x_wconf 88' lang='lat' dir='ltr'><strong>man</strong></span> 
     </span>
     <span class='ocr_line' id='line_1_72' title="bbox 1628 3528 2691 3594; baseline -0.002 -15"><span class='ocrx_word' id='word_1_481' title='bbox 1628 3528 1883 3580; x_wconf 83' lang='lat' dir='ltr'><strong>vielleicht</strong></span> <span class='ocrx_word' id='word_1_482' title='bbox 1905 3544 1999 3580; x_wconf 89' lang='lat' dir='ltr'><strong>aus</strong></span> <span class='ocrx_word' id='word_1_483' title='bbox 2024 3529 2123 3579; x_wconf 88' lang='lat' dir='ltr'><strong>den</strong></span> <span class='ocrx_word' id='word_1_484' title='bbox 2148 3528 2575 3594; x_wconf 87' lang='lat' dir='ltr'><strong>Anfangsworten</strong></span> <span class='ocrx_word' id='word_1_485' title='bbox 2597 3528 2691 3577; x_wconf 87' lang='lat' dir='ltr'><strong>At·</strong></span> 
     </span>
     <span class='ocr_line' id='line_1_73' title="bbox 1632 3595 2700 3660; baseline -0.003 -12"><span class='ocrx_word' id='word_1_486' title='bbox 1632 3611 1730 3660; x_wconf 88' lang='lat' dir='ltr'><strong>que</strong></span> <span class='ocrx_word' id='word_1_487' title='bbox 1751 3596 1835 3647; x_wconf 85' lang='lat' dir='ltr'><strong>hic</strong></span> <span class='ocrx_word' id='word_1_488' title='bbox 1858 3597 1986 3649; x_wconf 88' lang='lat' dir='ltr'><strong>illud</strong></span> <span class='ocrx_word' id='word_1_489' title='bbox 2007 3598 2272 3648; x_wconf 78' lang='lat' dir='ltr'><strong>videndum</strong></span> <span class='ocrx_word' id='word_1_490' title='bbox 2306 3602 2385 3647; x_wconf 79' lang='lat' dir='ltr'><strong>est</strong></span> <span class='ocrx_word' id='word_1_491' title='bbox 2415 3595 2700 3647; x_wconf 87' lang='lat' dir='ltr'><strong>schliessen</strong></span> 
     </span>
     <span class='ocr_line' id='line_1_74' title="bbox 1631 3663 2697 3731; baseline -0.005 -15"><span class='ocrx_word' id='word_1_492' title='bbox 1631 3667 1850 3731; x_wconf 68' lang='lat' dir='ltr'><strong>konnte,</strong></span> <span class='ocrx_word' id='word_1_493' title='bbox 1886 3664 1962 3715; x_wconf 89' lang='lat' dir='ltr'><strong>als</strong></span> <span class='ocrx_word' id='word_1_494' title='bbox 1993 3664 2185 3730; x_wconf 73' lang='lat' dir='ltr'><strong>gehore</strong></span> <span class='ocrx_word' id='word_1_495' title='bbox 2217 3665 2297 3715; x_wconf 91' lang='lat' dir='ltr'><strong>die</strong></span> <span class='ocrx_word' id='word_1_496' title='bbox 2332 3663 2497 3729; x_wconf 85' lang='lat' dir='ltr'><strong>gleich</strong></span> <span class='ocrx_word' id='word_1_497' title='bbox 2523 3680 2587 3715; x_wconf 83' lang='lat' dir='ltr'><strong>zu</strong></span> <span class='ocrx_word' id='word_1_498' title='bbox 2614 3679 2697 3712; x_wconf 84' lang='lat' dir='ltr'><strong>er·</strong></span> 
     </span>
     <span class='ocr_line' id='line_1_75' title="bbox 1628 3731 2696 3797; baseline -0.005 -13"><span class='ocrx_word' id='word_1_499' title='bbox 1628 3733 1914 3785; x_wconf 81' lang='lat' dir='ltr'><strong>wiihnende</strong></span> <span class='ocrx_word' id='word_1_500' title='bbox 1947 3731 2391 3797; x_wconf 84' lang='lat' dir='ltr'><strong>Unterscheidung</strong></span> <span class='ocrx_word' id='word_1_501' title='bbox 2433 3741 2560 3782; x_wconf 84' lang='lat' dir='ltr'><strong>etwa</strong></span> <span class='ocrx_word' id='word_1_502' title='bbox 2592 3746 2696 3780; x_wconf 87' lang='lat' dir='ltr'><strong>we·</strong></span> 
     </span>
     <span class='ocr_line' id='line_1_76' title="bbox 1630 3798 2701 3863; baseline -0.003 -11"><span class='ocrx_word' id='word_1_503' title='bbox 1630 3799 1846 3853; x_wconf 87' lang='lat' dir='ltr'><strong>sentlich</strong></span> <span class='ocrx_word' id='word_1_504' title='bbox 1871 3817 1936 3851; x_wconf 90' lang='lat' dir='ltr'><strong>zu</strong></span> <span class='ocrx_word' id='word_1_505' title='bbox 1961 3801 2103 3863; x_wconf 88' lang='lat' dir='ltr'><strong>dem,</strong></span> <span class='ocrx_word' id='word_1_506' title='bbox 2141 3815 2229 3851; x_wconf 88' lang='lat' dir='ltr'><strong>um</strong></span> <span class='ocrx_word' id='word_1_507' title='bbox 2252 3801 2345 3851; x_wconf 86' lang='lat' dir='ltr'><strong>das</strong></span> <span class='ocrx_word' id='word_1_508' title='bbox 2371 3814 2427 3850; x_wconf 87' lang='lat' dir='ltr'><strong>es</strong></span> <span class='ocrx_word' id='word_1_509' title='bbox 2452 3798 2564 3850; x_wconf 87' lang='lat' dir='ltr'><strong>sich</strong></span> <span class='ocrx_word' id='word_1_510' title='bbox 2587 3798 2701 3848; x_wconf 87' lang='lat' dir='ltr'><strong>hier</strong></span> 
     </span>
     <span class='ocr_line' id='line_1_77' title="bbox 1631 3865 2698 3935; baseline -0.003 -16"><span class='ocrx_word' id='word_1_511' title='bbox 1631 3868 1901 3935; x_wconf 85' lang='lat' dir='ltr'><strong>eigentlich</strong></span> <span class='ocrx_word' id='word_1_512' title='bbox 1923 3868 2149 3929; x_wconf 86' lang='lat' dir='ltr'><strong>handelt,</strong></span> <span class='ocrx_word' id='word_1_513' title='bbox 2177 3884 2241 3919; x_wconf 81' lang='lat' dir='ltr'><strong>zu</strong></span> <span class='ocrx_word' id='word_1_514' title='bbox 2266 3869 2384 3919; x_wconf 89' lang='lat' dir='ltr'><strong>dem</strong></span> <span class='ocrx_word' id='word_1_515' title='bbox 2399 3865 2698 3919; x_wconf 85' lang='lat' dir='ltr'><strong>wirklichen</strong></span> 
     </span>
     <span class='ocr_line' id='line_1_78' title="bbox 1629 3936 2700 4002; baseline -0.002 -15"><span class='ocrx_word' id='word_1_516' title='bbox 1629 3937 1807 3987; x_wconf 87' lang='lat' dir='ltr'><strong>Reden</strong></span> <span class='ocrx_word' id='word_1_517' title='bbox 1831 3963 1897 3972; x_wconf 93' lang='lat'>-</span> <span class='ocrx_word' id='word_1_518' title='bbox 1924 3936 2040 3986; x_wconf 89' lang='lat' dir='ltr'><strong>eine</strong></span> <span class='ocrx_word' id='word_1_519' title='bbox 2064 3936 2323 3988; x_wconf 88' lang='lat' dir='ltr'><strong>ironische</strong></span> <span class='ocrx_word' id='word_1_520' title='bbox 2344 3936 2700 4002; x_wconf 86' lang='lat' dir='ltr'><strong>Aeusserung,</strong></span> 
     </span>
     <span class='ocr_line' id='line_1_79' title="bbox 1628 4003 2698 4057; baseline -0.002 -1"><span class='ocrx_word' id='word_1_521' title='bbox 1628 4006 1713 4056; x_wconf 88' lang='lat' dir='ltr'><strong>die</strong></span> <span class='ocrx_word' id='word_1_522' title='bbox 1748 4019 1865 4055; x_wconf 87' lang='lat' dir='ltr'><strong>zum</strong></span> <span class='ocrx_word' id='word_1_523' title='bbox 1888 4018 2074 4057; x_wconf 87' lang='lat' dir='ltr'><strong>vorans</strong></span> <span class='ocrx_word' id='word_1_524' title='bbox 2098 4004 2259 4056; x_wconf 85' lang='lat' dir='ltr'><strong>sehon</strong></span> <span class='ocrx_word' id='word_1_525' title='bbox 2282 4005 2441 4055; x_wconf 87' lang='lat' dir='ltr'><strong>wider</strong></span> <span class='ocrx_word' id='word_1_526' title='bbox 2470 4004 2563 4055; x_wconf 87' lang='lat' dir='ltr'><strong>das</strong></span> <span class='ocrx_word' id='word_1_527' title='bbox 2587 4003 2698 4055; x_wconf 90' lang='lat' dir='ltr'><strong>Un—</strong></span> 
     </span>
     <span class='ocr_line' id='line_1_80' title="bbox 1626 4071 2697 4137; baseline -0.002 -14"><span class='ocrx_word' id='word_1_528' title='bbox 1626 4071 1921 4137; x_wconf 79' lang='lat' dir='ltr'><strong>praktische</strong></span> <span class='ocrx_word' id='word_1_529' title='bbox 1955 4072 2155 4124; x_wconf 87' lang='lat' dir='ltr'><strong>solcher</strong></span> <span class='ocrx_word' id='word_1_530' title='bbox 2187 4071 2697 4137; x_wconf 82' lang='lat' dir='ltr'><strong>Unterscheidungen</strong></span> 
     </span>
     <span class='ocr_line' id='line_1_81' title="bbox 1628 4139 2706 4207; baseline -0.001 -17"><span class='ocrx_word' id='word_1_531' title='bbox 1628 4140 1878 4206; x_wconf 87' lang='lat' dir='ltr'><strong>gerichtet</strong></span> <span class='ocrx_word' id='word_1_532' title='bbox 1910 4141 2002 4202; x_wconf 90' lang='lat' dir='ltr'><strong>ist,</strong></span> <span class='ocrx_word' id='word_1_533' title='bbox 2049 4142 2147 4190; x_wconf 88' lang='lat' dir='ltr'><strong>wie</strong></span> <span class='ocrx_word' id='word_1_534' title='bbox 2193 4142 2268 4192; x_wconf 87' lang='lat' dir='ltr'><strong>sie</strong></span> <span class='ocrx_word' id='word_1_535' title='bbox 2308 4139 2477 4207; x_wconf 80' lang='lat' dir='ltr'><strong>gleich</strong></span> <span class='ocrx_word' id='word_1_536' title='bbox 2514 4139 2706 4191; x_wconf 76' lang='lat' dir='ltr'><strong>darauf</strong></span> 
     </span>
     <span class='ocr_line' id='line_1_82' title="bbox 1630 4207 2697 4259; baseline 0 -1"><span class='ocrx_word' id='word_1_537' title='bbox 1630 4208 1761 4258; x_wconf 87' lang='lat' dir='ltr'><strong>noch</strong></span> <span class='ocrx_word' id='word_1_538' title='bbox 1802 4207 2032 4259; x_wconf 69' lang='lat' dir='ltr'><strong>seharfer</strong></span> <span class='ocrx_word' id='word_1_539' title='bbox 2073 4208 2317 4259; x_wconf 85' lang='lat' dir='ltr'><strong>kritisiert</strong></span> <span class='ocrx_word' id='word_1_540' title='bbox 2357 4208 2580 4259; x_wconf 87' lang='lat' dir='ltr'><strong>werden.</strong></span> <span class='ocrx_word' id='word_1_541' title='bbox 2630 4235 2697 4245; x_wconf 92' lang='lat'><strong>-—-</strong></span> 
     </span>
     <span class='ocr_line' id='line_1_83' title="bbox 1627 4272 2331 4344; baseline -0.001 -17"><span class='ocrx_word' id='word_1_542' title='bbox 1627 4277 1727 4328; x_wconf 82' lang='lat' dir='ltr'><strong>duo</strong></span> <span class='ocrx_word' id='word_1_543' title='bbox 1748 4292 1967 4341; x_wconf 72' lang='lat' dir='ltr'><strong>ymera,</strong></span> <span class='ocrx_word' id='word_1_544' title='bbox 1993 4275 2125 4329; x_wconf 90' lang='lat' dir='ltr'><strong>Einl.</strong></span> <span class='ocrx_word' id='word_1_545' title='bbox 2151 4276 2200 4325; x_wconf 92' lang='lat'><strong>11</strong></span> <span class='ocrx_word' id='word_1_546' title='bbox 2223 4272 2256 4344; x_wconf 74' lang='lat' dir='ltr'>S</span> <span class='ocrx_word' id='word_1_547' title='bbox 2279 4275 2331 4326; x_wconf 83' lang='lat'><strong>2.</strong></span> 
     </span>
    </p>
   </div>
   <div class='ocr_carea' id='block_1_13' title="bbox 2920 3639 2924 4167">
    <p class='ocr_par' dir='ltr' id='par_1_19' title="bbox 2920 3639 2924 4167">
     <span class='ocr_line' id='line_1_84' title="bbox 2920 3639 2924 4167; baseline 0 0"><span class='ocrx_word' id='word_1_548' title='bbox 2920 3639 2924 4167; x_wconf 95' lang='lat' dir='ltr'><strong> </strong></span> 
     </span>
    </p>
   </div>
  </div>
 </body>
</html>
