2930 4693
238 739 345 792 217

301 212 305 217 .
374 139 498 202 172

964 133 1062 196 DE
1092 131 1448 195 ORATORE
1486 131 1541 195 11
1582 134 1684 195 54.
1730 142 1848 194 217.
1893 141 2011 193 218.

371 321 546 386 quae,
579 304 808 365 etiamsi
838 300 951 365 alia
981 303 1179 365 omnia
1211 301 1366 364 tradi
1405 310 1536 364 arte
1571 310 1839 383 possunt,
1883 311 2131 366 naturae
2178 316 2317 367 suut
2357 308 2615 387 propria

375 396 542 451 certe
570 406 765 469 neque
794 386 975 450 ullam
1004 396 1193 449 artem
1225 387 1583 449 desiderant.
1671 388 1740 449 In
1769 387 1983 488 quibus
2010 396 2076 451 tu
2105 387 2282 469 longe
2313 389 2443 452 aliis
2469 410 2614 454 mea

375 474 685 543 sententia,
719 473 950 545 Caesar,
997 470 1268 542 excellis;
1312 491 1428 553 quo
1458 473 1649 551 magis
1677 473 1824 535 mihi
1853 473 2028 534 etiam
2061 476 2228 536 testis
2256 493 2386 537 esse
2415 483 2607 555 potes,

376 567 475 621 aut
503 556 728 620 nullam
759 577 889 621 esse
919 565 1108 620 artem
1138 555 1276 619 salis
1305 563 1423 627 aut,
1470 558 1522 619 si
1551 575 1668 638 qua
1698 565 1803 629 est,
1837 576 1968 619 eam
1999 576 2108 621 nos
2137 567 2204 621 tu
2231 561 2612 641 potissimum

374 642 635 706 docebis.

545 728 673 807 Ego
703 745 862 798 vero,
906 727 1099 807 inquit
1129 722 1438 798 CAESAR,
1483 727 1649 789 omni
1675 726 1748 788 de
1776 746 1846 789 re
1877 727 2122 791 facetius
2149 735 2295 808 puto
2322 746 2498 810 posse
2526 729 2610 790 ab

375 813 618 876 homine
648 830 768 873 non
798 811 1111 879 inurbano,
1141 830 1320 892 quam
1350 811 1599 891 deipsis
1628 811 1854 873 facetiis
1877 812 2181 892 disputari.
2240 814 2445 894 Itaque
2467 833 2613 875 cum

375 898 664 997 quosdam
695 898 955 959 Graecos
983 898 1300 977 inscriptos
1328 894 1516 959 libros
1544 914 1674 958 esse
1704 896 1978 958 vidissem
2010 897 2084 958 de
2124 896 2409 970 ridiculis,
2452 916 2609 959 non-

376 981 641 1045 nullam
625 999 687 1042 ιιι
719 999 888 1061 spem
917 999 1196 1043 veneram
1225 999 1398 1061 posse
1426 1000 1524 1042 me
1554 979 1774 1062 aliquid
1806 1000 1879 1043 ex
1907 983 2033 1042 istis
2063 982 2312 1044 discere.
2400 982 2613 1044 Inveni

376 1075 576 1130 autem
605 1064 857 1127 ridicula
887 1073 948 1127 et
976 1065 1127 1129 salsa
1144 1064 1328 1129 multa
1350 1066 1711 1128 Graecorum
1740 1065 1896 1145 (nam
1920 1074 1980 1128 et
2002 1066 2219 1128 Siculi
2203 1085 2268 1129 ιιι
2289 1086 2363 1129 eo
2384 1086 2615 1147 genere

377 1159 438 1213 et
464 1150 683 1213 Rhodii
711 1157 773 1211 et
800 1150 1068 1230 Byzantii
1107 1158 1167 1212 et
1206 1158 1446 1232 praeter
1489 1158 1720 1212 ceteros
1747 1152 1926 1212 Attici
1966 1150 2312 1233 excellunt);
2359 1152 2463 1213 sed
2505 1154 2615 1231 qui

377 1238 504 1297 eius
524 1237 617 1296 rei
636 1237 929 1297 rationem
958 1235 1252 1316 quandam
1283 1237 1482 1297 conati
1510 1242 1649 1296 sunt
1667 1243 1973 1316 artemque
2002 1235 2257 1307 tradere,
2290 1239 2375 1298 sic
2396 1236 2613 1298 insulsi

244 1330 349 1386 218
377 1322 750 1390 exstiterunt,
782 1328 850 1382 ut
877 1320 1024 1382 nihil
1048 1320 1208 1382 aliud
1238 1338 1444 1382 eorum
1471 1322 1584 1382 nisi
1605 1322 1731 1400 ipsa
1752 1320 2051 1382 insulsitas
2073 1321 2355 1383 rideatur.
2410 1321 2613 1394 Quare

377 1405 527 1468 mihi
567 1405 808 1487 quidem
849 1405 1012 1471 nullo
1051 1405 1283 1467 videtur
1334 1404 1512 1466 modo
1567 1404 1835 1467 doctrina
1887 1407 1999 1468 ista
2054 1422 2154 1467 res
2203 1412 2382 1486 posse
2430 1407 2611 1468 tradi.

377 1490 613 1553 Etenim
644 1508 780 1552 cum
822 1490 939 1552 duo
984 1507 1208 1570 genera
1246 1491 1367 1551 sint
1410 1489 1775 1561 facetiarum,
1819 1488 2070 1552 alterum
2115 1489 2504 1571 aequabiliter
2543 1492 2614 1550 in

378 1576 543 1638 omni
572 1577 837 1636 sermoni
864 1576 1077 1648 fusum,
1120 1574 1375 1637 alterum
1402 1583 1753 1654 peracutum
1784 1582 1846 1635 et
1871 1574 2069 1647 breve,
2113 1573 2214 1636 illa
2244 1594 2277 1636 a
2308 1575 2613 1637 veteribus

377 1780 460 1830 bis
487 1795 542 1829 er
564 1794 611 1832 c.
630 1778 697 1827 72
722 1778 821 1828 den
841 1775 1259 1842 abgebrochenen
1270 1777 1444 1828 Faden

374 1847 566 1898 wieder
598 1846 870 1896 aufnimmt
899 1845 1007 1895 und
1041 1847 1181 1895 seiae
1204 1844 1442 1910 Aufgabe

379 1931 449 1965 zu
472 1914 615 1964 Ende
638 1913 793 1963 fubri.

447 1981 659 2040 Suavis,
694 1980 866 2041 Quint.
890 1979 962 2029 VI
984 1977 1044 2040 3,
1072 1989 1093 2030 1
1130 1978 1250 2029 huic
1274 1979 1445 2043 (nam-

378 2049 480 2100 lich
515 2049 607 2099 der
641 2048 929 2113 Ffihigkeit,
966 2047 1049 2098 die
1083 2045 1320 2097 Gemiiter
1354 2047 1445 2097 der

380 2116 587 2169 Richter
620 2132 687 2166 zu
723 2115 1033 2166 erschiittern
1056 2116 1163 2165 und
1188 2131 1303 2165 zum
1330 2115 1446 2165 Mit-

377 2186 484 2236 leid
510 2201 573 2235 zu
597 2180 867 2249 bewegen)
892 2183 1290 2245 diversavirtus,
1317 2198 1448 2247 quae

380 2256 539 2304 risum
572 2252 755 2302 iudicis
786 2252 1039 2301 movendo
1066 2258 1116 2300 et
1138 2250 1252 2302 illos
1278 2253 1448 2302 tristes

383 2320 536 2372 solvit
548 2320 759 2370 affectus
780 2328 828 2369 et
844 2321 1068 2369 animum
1089 2321 1153 2371 ab
1169 2319 1449 2370 intentione

383 2403 553 2440 rerum
579 2388 869 2451 frequenter
892 2388 1074 2437 avertit
1100 2396 1148 2438 et
1171 2388 1446 2450 aliquando

384 2457 536 2506 etiam
560 2453 721 2506 reficit
745 2464 795 2506 et
816 2470 847 2505 a
871 2457 1102 2506 satietate
1119 2455 1201 2506 vel
1218 2471 1250 2505 a
1266 2455 1450 2521 fatiga·

380 2525 523 2575 tione
547 2533 774 2576 renovat.

451 2593 616 2651 iocus,
651 2599 909 2641 munterer
938 2590 1125 2642 Scherz
1160 2590 1266 2641 und
1287 2592 1447 2652 witz,

386 2660 478 2710 der
525 2675 640 2710 zum
689 2658 893 2709 Lachen
939 2661 1066 2708 reizt
1122 2659 1231 2709 und
1285 2658 1449 2709 heiter

385 2729 609 2788 stimmt3
631 2729 882 2791 facetiae,
906 2727 1062 2777 sowol
1089 2725 1251 2790 feine,
1288 2728 1446 2792 geist·

384 2793 556 2845 reiche
578 2795 820 2857 Einfane,
860 2795 941 2843 die
975 2793 1135 2845 durch
1155 2793 1300 2844 ihren
1325 2795 1450 2845 Reiz

386 2861 473 2913 die
497 2862 723 2913 Zuhiirer
742 2861 1030 2927 gewinnen,
1054 2861 1131 2912 als
1153 2861 1448 2912 humoristi-

387 2929 538 2981 acher
585 2929 690 2979 nnd
736 2930 964 2994 witziger
1003 2930 1115 2979 Ton
1158 2930 1228 2978 im
1273 2931 1447 2995 Allge·

389 2999 610 3048 meinen.

459 3072 599 3122 arte,
633 3061 956 3113 theoretisch.
1006 3065 1150 3114 testie
1184 3073 1280 3115 etc.
1317 3080 1360 3116 s.
1396 3065 1449 3116 d.

390 3133 509 3184 krit.
533 3131 771 3196 Anhang.

457 3210 552 3251 217.
581 3201 806 3265 facetius
830 3198 992 3260 (nicht
1012 3197 1266 3264 facilius),
1296 3198 1454 3252 Cae'isar

388 3268 536 3335 ffiugt
554 3269 645 3319 der
655 3268 813 3318 Natur
829 3268 997 3318 seines
1009 3266 1229 3318 Themas
1247 3272 1452 3333 gemiiss

387 3336 556 3403 gleich
589 3337 683 3386 mit
714 3337 880 3385 einem
913 3336 1237 3466 Wimgenffi,
1174 3336 1453 3403 Wortspiel

389 3420 455 3456 an
491 3403 628 3464 161,
652 3413 746 3454 258.
773 3403 1023 3470 p..Plane

458 3474 523 3523 de
547 3474 802 3534 delicatia,
839 3471 1010 3530 Quint.
1037 3472 1106 3521 VI
1132 3469 1190 3532 3,
1226 3480 1278 3520 22
1324 3468 1451 3521 Pro-

383 3540 557 3606 prium
579 3548 750 3589 autem
782 3540 1048 3600 materiae,
1083 3539 1148 3589 de
1182 3554 1282 3603 qua
1316 3555 1451 3589 nunc

386 3608 660 3670 loquimur,
689 3618 767 3657 est
783 3609 1062 3670 ridiculum,
1091 3607 1240 3671 ideoq
1244 3623 1307 3657 ue
1328 3607 1453 3656 haec

385 3685 492 3726 tota
510 3671 784 3741 disputatio
804 3674 1052 3726 aGraecis
1075 3690 1181 3740 περ
1185 3672 1206 3727 l
1223 3673 1450 3740 γελοίου

384 3744 702 3806 inscribitur,
739 3744 818 3791 ein
843 3741 1059 3803 Thema,
1086 3742 1177 3792 das
1201 3742 1331 3792 nach
1357 3742 1448 3792 des

383 3810 686 3861 Leontiners
705 3808 918 3874 Gorgias
938 3811 1180 3876 Vorgang
1202 3810 1309 3860 und
1325 3813 1446 3877 spii·

385 3885 463 3927 ter
486 3878 618 3928 nach
639 3875 942 3929 Aristoteles
965 3879 1074 3930 und
1100 3877 1446 3945 Theophrasts

382 3944 603 4011 Beispiel
647 3946 732 3996 die
763 3944 953 4010 griech.
986 3945 1243 3997 Rhetoren
1289 3946 1447 3999 ofters

342 4023 349 4032 ·
383 4011 673 4063 behaudeln
716 4012 967 4065 mochten.
1039 4012 1224 4065 Solche
1255 4013 1445 4068 rhetor.

383 4077 467 4128 fiir
489 4095 588 4130 uus
611 4080 842 4131 vex-loten
863 4095 1166 4148 gegangene
1188 4081 1448 4134 Schriften

382 4146 544 4196 meint
562 4146 676 4198 hier
699 4147 871 4199 Oasar.

1612 1779 1768 1839 salsa,
1797 1777 1966 1838 Quint.
1990 1776 2064 1827 VI
2087 1776 2135 1839 3,
2162 1786 2211 1828 19
2248 1781 2437 1828 salsum
2459 1778 2618 1842 igitur

1546 1846 1667 1906 erit,
1716 1847 1856 1908 quod
1890 1858 1989 1895 non
2026 1847 2120 1895 erit
2151 1845 2432 1905 insulsum,
2470 1845 2616 1895 velut

1547 1913 1803 1977 quoddam
1861 1914 2084 1979 simplex
2139 1914 2381 1964 orationis
2429 1914 2613 1963 condi-

1547 1989 1789 2039 mentum,
1815 1982 1952 2044 quod
1971 1982 2186 2032 sentitur
2209 1981 2397 2031 latente
2424 1981 2614 2030 iudicio

1547 2047 1685 2097 velut
1715 2048 1912 2113 palato,
1963 2051 2249 2113 excitatque
2291 2058 2342 2099 et
2373 2063 2405 2098 a
2440 2049 2613 2099 taedio

1548 2115 1778 2166 defendit
1801 2118 2095 2166 orationem.

1618 2186 1867 2234 rationem
1913 2186 2164 2250 quandam
2210 2211 2275 2222 -
2332 2188 2613 2250 artemque,

1553 2250 1585 2314 §
1613 2249 1854 2301 116.108
1885 2253 2013 2303 ratio
2039 2261 2192 2316 atque
2214 2252 2464 2303 doctrina.

1618 2327 1712 2370 218.
1749 2319 1953 2371 Etenim
1985 2321 2131 2370 weist
2165 2320 2260 2370 wie
2286 2321 2412 2371 oben
2439 2320 2615 2383 itaque

1549 2387 1716 2453 gleich
1740 2388 1834 2438 aul*
1852 2389 1949 2438 den
1975 2388 2457 2454 Schlussgedauken
2493 2387 2610 2438 hin:

1553 2456 1686 2505 denn
1707 2455 2158 2521 beideGattungen
2177 2457 2269 2506 des
2280 2457 2476 2506 Witzes
2499 2464 2618 2505 ent-

1552 2522 1732 2574 ziehen
1749 2523 1859 2574 sich
1880 2523 2012 2574 ihrer
2028 2523 2183 2574 Natur
2206 2523 2336 2574 nach
2353 2525 2445 2575 der
2466 2522 2616 2574 theo-

1550 2591 1807 2642 retischen
1830 2592 2234 2656 Unterweisung.

1611 2659 1918 2723 facetiarum
1939 2660 2007 2710 ist
2027 2658 2139 2708 hier
2161 2660 2238 2709 als
2263 2657 2611 2724 Gattungsbe-

1550 2727 1673 2792 griff
1699 2726 1979 2792 gebraucht
2010 2725 2135 2792 (wie
2165 2725 2384 2775 hernach
2420 2724 2612 2792 lepos),

1554 2795 1645 2845 der
1666 2796 1822 2845 sowol
1844 2795 1927 2846 die
1945 2794 2195 2845 cavillatio
2219 2794 2296 2844 als
2316 2794 2399 2844 die
2423 2795 2616 2845 dicaci-

1551 2871 1631 2912 tas
1664 2862 1907 2920 umfasst3
1954 2863 2024 2911 im
2061 2862 2142 2914 Or.
2168 2876 2213 2912 c.
2238 2860 2334 2922 26,
2368 2871 2419 2912 87
2454 2871 2616 2912 neunt

1554 2929 1660 2981 Cic.
1698 2930 1780 2980 die
1804 2931 1919 2979 eine
1951 2928 2174 2994 Gattung
2205 2944 2368 2994 genus
2397 2928 2612 2979 facetia-

1550 3012 1691 3057 rum,
1719 2998 1801 3047 die
1825 2998 2013 3048 andere
2038 2997 2321 3048 dicacitatis
2346 2997 2451 3047 und
2473 2996 2616 3048 fiihrt

1554 3065 1702 3116 beide
1717 3064 1913 3114 aufden
1927 3065 2246 3130 Oberbegriff
2257 3065 2392 3115 sales
2404 3066 2612 3117 zuriiclt.

1551 3133 1648 3183 Die
1679 3133 1791 3182 eine
1827 3135 1944 3195 Art,
1980 3134 2065 3183 die
2097 3133 2378 3194 cavillatio,
2424 3133 2492 3183 ist
2526 3133 2614 3183 die

1552 3212 1800 3267 perpetua
1831 3200 2079 3251 festivitas
2124 3200 2178 3250 in
2210 3202 2473 3251 narrando
2515 3200 2615 3251 ali-

1553 3270 1678 3333 quid
1700 3277 1930 3331 venuste,
1958 3268 2048 3318 der
2071 3267 2461 3318 humoristische
2483 3269 2611 3331 Tou,

1554 3337 1644 3387 der
1666 3337 1750 3387 die
1770 3351 1937 3403 gauze
1961 3336 2284 3402 Darstellung
2316 3335 2613 3387 durchzieht

1554 3405 1662 3454 und
1693 3404 1803 3454 sich
1841 3404 2116 3455 besonders
2157 3404 2212 3453 in
2254 3403 2612 3469 geistreichen,

1553 3471 1847 3523 satirischeu
1892 3471 2295 3537 Schilderungeu
2345 3473 2610 3531 offenbart,

1551 3539 1795 3591 wahrend
1817 3540 1925 3591 sich
1952 3540 2036 3589 die
2058 3539 2246 3590 andere
2270 3541 2390 3603 Art,
2425 3540 2507 3589 die
2532 3541 2612 3589 di-

1554 3609 1764 3670 cacitas,
1788 3609 1842 3659 in
1866 3606 2107 3669 raschen,
2135 3607 2416 3657 treffenden
2440 3608 2607 3657 Witz·

1551 3685 1759 3739 werten,
1784 3677 1838 3726 in
1856 3677 2089 3726 iaciendo
2114 3676 2464 3740 mittendoque
2485 3675 2611 3725 ridi-

1551 3743 1664 3794 culo
1691 3746 1909 3794 aussert.
1956 3742 2129 3802 Quint.
2152 3743 2225 3793 VI
2247 3741 2298 3806 3,
2321 3752 2376 3793 42
2409 3746 2467 3793 Ιιι
2491 3757 2608 3792 nar·

1547 3812 1708 3862 raudo
1726 3818 1896 3861 autem
1910 3810 2081 3861 Cicero
2101 3811 2384 3861 consistere
2399 3810 2611 3861 facetias

1547 3888 1716 3945 putat,
1743 3878 2060 3928 dicacitatem
2084 3879 2136 3927 in
2161 3878 2411 3933 iaciendo·

1615 3963 1651 3997 a
1682 3945 1937 3998 veteribus
1982 3974 2047 3984 -
2086 3947 2182 3996 wie
2223 3955 2373 3998 unter
2412 3947 2609 3997 anderu

1546 4027 1650 4064 von
1682 4014 1780 4064 den
1812 4011 2343 4067 Komodiendichtern.
2398 4014 2610 4064 Plautus

1545 4081 1762 4131 braucht
1783 4082 1966 4133 cavilla
1983 4082 2103 4132 Aul.
2122 4082 2192 4132 IV
2210 4082 2262 4142 4,
2280 4091 2328 4132 11
2353 4096 2489 4148 poue
2511 4081 2610 4131 hoc

1548 4149 1639 4214 sis,
1665 4149 1810 4201 aufer
1832 4150 2089 4220 cavillam,
2107 4163 2212 4199 ιιοιι
2235 4164 2332 4215 ego
2357 4164 2494 4201 nunc
2516 4164 2612 4200 nu·
