2930 4693
920 205 1019 267 DE
1052 202 1408 266 ORATORE
1450 202 1532 264 111
1574 203 1679 264 54.
1723 209 1843 261 207.

2365 204 2489 267 307

255 381 383 437 tum
427 393 460 435 a
502 377 697 454 primo
738 376 1012 455 repetitio
1027 420 1042 443 ‚
1088 380 1215 434 tum
1255 374 1320 433 in
1362 379 1690 433 extremum
1738 371 2045 433 conversio
2087 376 2148 431 et
2186 371 2248 432 in
2280 368 2489 432 eadem

257 459 434 522 verba
477 460 732 540 impetus
772 468 831 521 et
873 459 1186 521 concursio
1228 465 1288 519 et
1327 457 1626 519 adiunctio
1666 464 1729 517 et
1767 456 2198 537 progressio-et
2226 455 2489 516 eiusdem

256 544 422 605 verbi
464 544 733 606 crebrius
774 546 950 623 positi
991 543 1280 624 quaedam
1320 542 1620 604 distinctio
1658 548 1722 602 et
1763 541 2059 602 revocatio
2089 539 2253 601 verbi
2282 547 2343 601 ot
2369 539 2488 609 illa,

257 648 410 709 quae
437 627 709 693 similitor
738 629 1016 690 desinunt
1045 635 1145 690 aut
1174 646 1327 708 quae
1355 626 1576 687 cadunt
1603 625 1874 687 similiter
1914 633 2019 687 ant.
2055 642 2206 705 queo
2245 624 2490 704 paribus

256 714 422 793 paria
451 714 793 776 referuntur
821 720 924 776 aut
950 731 1100 792 quae
1125 719 1270 774 sunt
1295 713 1452 774 inter
1483 730 1549 788 se
1575 710 1806 774 similia.
1877 711 1982 772 Est
2010 711 2186 771 etiam
2216 709 2487 787 grsdmio
2516 716 2615 768 207

258 798 548 879 quaedam
580 807 638 860 et
667 799 975 860 conversio
1005 805 1065 858 et
1096 797 1411 859 verborum
1442 798 1733 858 concinna
1764 790 2154 874 transgressio
2178 801 2238 855 et
2254 800 2489 856 contra-

328 1019 549 1070 eiusdem
573 1017 715 1069 verbi
735 1019 976 1082 repetitio
991 1056 1004 1079 ‚
1032 1008 1325 1083 ἐπαναφο-

257 1078 351 1150 ρᾶ,
380 1077 631 1152 ἕπιβοὶή.
668 1086 736 1136 ad
754 1081 870 1135 Her.
899 1086 966 1136 lV
998 1083 1077 1147 13,
1105 1094 1153 1135 19
1175 1100 1324 1151 repe-

260 1155 369 1204 titio
396 1162 472 1203 est
492 1191 505 1216 ‚
541 1168 656 1203 cum
692 1154 1012 1206 continenter
1035 1155 1099 1202 ab
1125 1168 1227 1203 uno
1252 1159 1326 1202 st-

203 1227 206 1230 '
258 1237 360 1285 que
392 1221 571 1272 eodem
605 1222 761 1271 verbo
795 1222 845 1271 in
883 1223 1036 1272 rebus
1072 1221 1323 1271 similibus

259 1300 309 1338 et
333 1290 545 1340 diversis
569 1289 821 1356 principia
855 1298 1155 1351 sumuntur,
1195 1305 1240 1338 z.
1264 1288 1323 1337 Β.

259 1358 431 1423 Scipio
441 1357 762 1407 Numantiam
779 1356 1003 1419 sustulit,
1020 1356 1191 1423 Scipio
1206 1356 1323 1407 Car-

259 1423 521 1489 thaginem
546 1424 749 1488 delevit,
763 1424 937 1491 Scipio
963 1438 1139 1489 pacem
1163 1439 1323 1490 pepe-

258 1495 338 1551 rit,
366 1492 537 1558 Scipio
564 1493 821 1544 civitatem
847 1493 1085 1572 servavit.

326 1562 380 1610 in
403 1567 681 1618 extremum
705 1561 994 1621 conversio,
1031 1572 1324 1624 αντιστρο-

261 1620 363 1695 φή,
392 1619 659 1693 ἐπιφορά.
706 1628 771 1679 ad
797 1629 913 1678 Her.
940 1628 1009 1677 IV
1041 1626 1183 1688 13,19
1207 1642 1326 1677 con-

259 1696 427 1770 versio
465 1704 568 1757 est,
603 1711 696 1764 per
729 1711 880 1758 quam
917 1712 1049 1760 non,
1100 1703 1154 1745 ut
1188 1705 1323 1754 ante,

257 1766 477 1831 primum
511 1764 791 1829 repetimus
827 1764 1068 1825 verbum,
1118 1763 1210 1813 sed
1258 1763 1325 1813 ad

258 1841 574 1896 postremum
632 1832 951 1881 continenter
1007 1831 1326 1890 revertimur,

261 1917 308 1951 z.
342 1900 401 1950 B.
437 1900 636 1950 Poenos
682 1899 906 1965 populus
941 1899 1087 1954 Rom.
1132 1899 1327 1949 iustitia

259 1965 397 2030 vicit,
422 1968 577 2018 armis
603 1966 738 2027 vicit,
766 1967 1067 2017 liberalitate
1093 1968 1231 2017 vicit.

293 2054 380 2102 ‘in
414 2052 766 2114 eademxverba
788 2054 1001 2116 impetus
1034 2059 1091 2104 et
1112 2067 1326 2103 concur·

257 2122 364 2180 sio,
410 2112 705 2185 συμπλοκή
745 2120 869 2170 oder
904 2111 1189 2186 κοινότης.
1260 2119 1327 2170 od

259 2188 377 2240 Her.
412 2188 484 2238 IV
523 2187 611 2247 14,
645 2197 697 2238 2⁰
729 2188 1016 2252 complexio
1055 2198 1159 2249 est,
1195 2203 1326 2251 quae

259 2266 527 2319 utramque
557 2256 912 2321 complectitur
947 2256 1326 2308 exornationem

261 2351 327 2362 ·--
366 2334 422 2374 ut
446 2331 496 2374 et
518 2332 777 2389 repetatur
810 2324 944 2374 idem
970 2324 1184 2375 verbum
1209 2338 1324 2374 see·

260 2394 379 2459 pins
404 2399 454 2441 et
475 2393 653 2443 crebro
671 2392 740 2442 ad
757 2392 892 2443 idem
913 2388 1226 2457 postrenum
1243 2408 1322 2443 re-

262 2469 533 2521 vertamur,
562 2477 606 2509 s.
636 2459 693 2511 B.
721 2461 809 2523 qui
834 2467 980 2522 sunt,
1007 2462 1096 2522 qui
1120 2459 1327 2511 foedera

260 2530 539 2594 ruperunt?
578 2527 1051 2593 Carthaginiensem
1078 2528 1164 2590 qui
1189 2538 1325 2590 sunt,

262 2597 350 2658 qui
378 2595 581 2647 crudele
616 2595 805 2647 bellum
838 2598 1142 2660 gesserunt?
1201 2595 1327 2646 Gar-

262 2665 348 2714 tha
388 2701 401 2715 .
429 2672 527 2713 etc.
677 2698 684 2705 -
1017 2689 1026 2699 ·

329 2679 615 2790 αέὀίιιηοιίο,
653 2716 956 2795 ἕκίζευξις.
1016 2731 1081 2785 ad
1114 2731 1231 2784 Her.
1257 2731 1327 2780 lv

260 2800 346 2863 27,
373 2808 425 2851 38
456 2800 556 2849 adi.
584 2806 662 2850 est
695 2814 811 2849 cnm
844 2801 1082 2858 verbum,
1119 2814 1217 2863 quo
1243 2814 1327 2849 res

261 2867 737 2934 comprehenditur,
788 2881 890 2920 non
935 2868 1326 2933 interponimus,

261 2937 356 2986 sed
378 2942 468 2986 aut
492 2938 711 3002 primum
734 2942 823 2985 aut
837 2944 1150 3001 postremum
1169 2934 1324 2986 collo-

262 3019 467 3069 camur,
496 3003 619 3054 oder
643 3005 820 3054 besser
854 3004 931 3053 ‘in
957 3019 1057 3068 qus
1080 3019 1238 3055 unum
1262 3003 1330 3053 ad

262 3073 474 3124 verbum
499 3071 671 3138 plures
697 3073 976 3122 sententiae
1005 3069 1326 3127 rei—'erumnam’

267 3158 314 3190 z.
342 3141 401 3190 B.
436 3141 560 3190 vicit
591 3139 838 3204 pudorem
871 3140 1062 3203 libido,
1097 3141 1329 3190 timorem

264 3208 496 3269 audacia,
522 3209 770 3258 rationem
792 3209 1014 3258 amentia
1037 3206 1235 3272 (Quint.
1257 3207 1329 3257 IX

263 3276 311 3335 3,
337 3285 388 3326 62
412 3269 904 3340 συνεζευγμένον).
1000 3276 1018 3293 ⁴

326 3345 645 3409 progressio,
668 3357 767 3405 quo
786 3343 969 3393 crescit
986 3343 1145 3393 oratio
1171 3351 1222 3392 et
1245 3358 1330 3391 ve-

265 3411 358 3462 luti
380 3411 704 3476 progreditur
736 3411 1130 3471 incrementum,
1159 3411 1326 3470 Quint.

263 3480 386 3529 vlu
408 3479 458 3540 4,
484 3488 526 3539 3,
551 3495 598 3529 z.
627 3480 685 3530 B.
710 3476 909 3528 facinus
936 3488 1014 3533 est
1036 3478 1230 3529 vincire
1253 3479 1329 3528 ci·-

264 3562 382 3597 vem
440 3548 753 3605 Romanum,
815 3546 982 3597 scelus
1041 3547 1327 3605 verberare,

264 3629 426 3681 prope
449 3615 778 3680 parricidium
801 3629 1000 3675 necare,
1016 3614 1137 3676 quid
1162 3614 1329 3664 dicam

265 3685 317 3733 in
343 3696 541 3733 crucem
566 3683 778 3733 tollere?

333 3752 556 3802 eiusdem
577 3751 721 3802 verbi
742 3776 806 3787 —-
831 3752 1108 3802 distinctio.
1135 3750 1328 3800 adHer.

267 3819 336 3869 1v
365 3817 448 3882 14,
466 3828 517 3869 20
541 3819 788 3869 traductio
814 3827 909 3881 est,
937 3832 1068 3882 quae
1091 3818 1230 3877 feeit,
1257 3827 1329 3879 ut,

267 3901 384 3936 cum
419 3886 555 3936 idem
588 3886 796 3936 verbum
833 3888 1059 3937 crebrius
1093 3894 1327 3953 ponatur,

264 3967 365 4005 non
393 3953 545 4005 modo
570 3969 672 4004 non
695 3955 921 4006 offendet
953 3955 1205 4017 animum,
1239 3955 1331 4006 sed

267 4023 415 4071 etiam
437 4022 814 4073 concinniorem
834 4024 1113 4074 oracionem
1131 4022 1327 4087 reddet,

267 4105 314 4143 ι.
352 4089 409 4141 Β.
451 4090 539 4152 qni
575 4089 696 4140 nihil
730 4090 883 4141 hebet
915 4091 974 4141 in.
1001 4094 1108 4144 vita
1148 4092 1328 4143 iucun-

267 4158 384 4209 dius
419 4160 549 4220 vita,
583 4158 629 4208 is
664 4173 779 4209 cum
813 4159 1002 4210 virtute
1043 4161 1193 4212 vitam
1228 4174 1331 4211 non

265 4232 439 4294 potest
462 4225 647 4278 colere.

1496 1017 1755 1067 revocatio
1780 1015 1938 1078 verbi,
1966 1029 2050 1065 um
2078 1013 2208 1066 noch
2230 1014 2344 1063 eine
2366 1014 2492 1063 wei-

1415 1087 1534 1135 ‘tere
1544 1084 1899 1148 Bestimmung
1923 1082 2078 1133 daran
2105 1082 2488 1147 anzukniipi'en,

1431 1170 1476 1202 z.
1504 1152 1561 1202 B.
1588 1152 1734 1216 Virg.
1761 1151 1854 1202 ecl.
1880 1151 1931 1200 X
1957 1151 2023 1200 72
2058 1166 2150 1200 vos
2185 1149 2310 1201 haec
2334 1145 2508 1199 facie?

1428 1221 1494 1270 tis
1520 1220 1743 1269 maxima
1767 1217 1938 1283 Gallo,
1965 1218 2134 1277 Gallo,
2172 1220 2318 1278 cuius
2352 1231 2492 1267 amor

1429 1296 1627 1339 tantum
1650 1286 1772 1336 mihi
1796 1287 1975 1338 crescit
1998 1286 2051 1335 in
2075 1285 2243 1337 horas,

1496 1372 1626 1421 quae
1660 1356 1889 1405 similiter
1924 1356 2189 1417 desinunt,
2234 1347 2491 1420 ὁμοιοτέ-

1428 1423 1623 1476 λευτα.
1681 1423 1748 1474 ad
1780 1423 1896 1473 Her.
1931 1424 1999 1471 IV
2035 1420 2131 1484 20,
2166 1431 2218 1471 28
2263 1421 2493 1474 similiter

1427 1494 1666 1543 desinens
1690 1498 1793 1551 est,
1820 1504 1931 1539 cum
1948 1526 1964 1552 ,
1990 1491 2191 1540 tametsi
2214 1505 2367 1540 casus
2389 1504 2493 1539 non

1425 1561 1604 1610 insunt
1626 1559 1681 1607 in
1708 1557 1892 1618 verbis,
1911 1566 2079 1607 tamen
2101 1557 2298 1607 similes
2323 1558 2492 1607 exitus

1427 1639 1566 1690 snut,
1596 1643 1642 1676 z.
1669 1626 1726 1679 B.
1755 1626 1969 1691 turpiter
1993 1626 2154 1675 audes
2180 1624 2371 1687 facere,
2399 1640 2491 1676 ne·

1428 1696 1594 1760 quiter
1618 1693 1796 1745 studes
1819 1694 2003 1745 dicere.
2053 1692 2320 1758 Dagegen:

1497 1779 1626 1829 quae
1661 1764 1849 1814 cadunt
1881 1761 2129 1812 similiter.
2186 1761 2252 1811 ad
2276 1761 2394 1812 Her.
2423 1761 2493 1810 lv

1428 1832 1521 1893 20,
1549 1839 1599 1880 28
1633 1830 1863 1880 similiter
1886 1831 2079 1893 cadfns
2110 1829 2373 1882 exornatio
2399 1843 2492 1894 ap·

1423 1899 1663 1965 pellatur,
1690 1913 1805 1947 cum
1830 1898 1883 1948 in
1908 1897 2088 1948 eadem
2115 1898 2494 1948 constructione

1429 1969 1696 2017 verborum
1728 1967 1830 2016 duo
1864 1975 1952 2015 aut
1985 1964 2135 2031 plura
2169 1972 2289 2015 suut
2315 1966 2490 2028 verba,
2575 2019 2580 2027 .

1428 2051 1562 2099 quae
1585 2034 1818 2085 similiter
1841 2035 2030 2085 eisdem
2053 2034 2253 2084 casibus
2278 2033 2493 2083 efferun-

1427 2113 1536 2164 tur,
1576 2119 1623 2152 z.
1647 2102 1705 2152 B.
1730 2100 1989 2152 hominem
2023 2100 2229 2151 laudem
2262 2110 2494 2166 egentem

1429 2172 1656 2233 virtutis,
1705 2170 2048 2221 abundantem
2097 2167 2393 2220 felicitatis?
2431 2194 2493 2204 ——

1429 2238 1851 2290 Homiioteleuten
1884 2237 1988 2288 und
2012 2236 2351 2301 Homiioptota
2378 2251 2494 2285 ver-

1427 2307 1662 2359 bunden:
1700 2304 2048 2372 perditissima
2082 2304 2207 2354 ratio
2243 2313 2322 2354 est
2349 2318 2492 2354 amo-

1427 2391 1536 2427 rem
1561 2384 1757 2442 petere,
1783 2373 2031 2440 pudorem
2054 2370 2257 2437 fugere,
2285 2372 2494 2438 diligere

1428 2445 1660 2502 formam,
1688 2442 1958 2507 neglegere
1980 2438 2186 2490 famam.

1496 2527 1627 2591 quae
1680 2510 1899 2575 paribus
1955 2509 2111 2573 paria
2177 2509 2493 2572 referuntur,

1431 2574 1696 2643 ιζσοκωλρι,
1723 2577 1982 2629 ‘membris
2005 2574 2341 2640 aequalibus,'
2368 2593 2414 2628 z.
2433 2576 2493 2626 B.

1428 2650 1478 2699 si
1501 2654 1745 2712 quantum
1769 2646 1822 2695 in
1857 2657 1980 2709 agro
2017 2643 2245 2707 locisque
2277 2644 2495 2695 desertis

1428 2714 1643 2765 andacia
1665 2721 1861 2779 potest,
1899 2720 2095 2761 tantum
2128 2712 2182 2761 in
2206 2712 2315 2761 i'oro
2340 2719 2496 2774 atque

1427 2781 1633 2834 iudiciis
1658 2780 1977 2848 impudentia
2001 2779 2206 2842 valeret,
2233 2779 2404 2841 Quint.
2421 2778 2494 2843 IX

1430 2851 1481 2915 3,
1507 2861 1574 2901 so.
1644 2877 1651 2885 ·

1498 2934 1628 2986 quae
1651 2924 1768 2968 sunt
1790 2918 1927 2967 inter
1949 2932 2006 2967 se
2028 2918 2227 2978 similia,
2257 2906 2492 2981 πάρισα,

1432 3006 1478 3038 z.
1515 2988 1572 3038 B.
1619 3001 1721 3036 non
1755 2987 1890 3035 enim
1937 2992 2039 3035 tam
2070 3000 2191 3050 spes
2224 2999 2376 3050 qnam
2409 3002 2497 3037 res

1431 3055 1686 3106 laudanda
1713 3062 1808 3119 est,
1830 3054 1953 3107 oder
1979 3063 2223 3116 quantum
2241 3056 2417 3119 possis
2441 3055 2494 3105 in

1432 3140 1493 3174 eo
1519 3137 1721 3188 semper
1746 3123 1976 3188 experire
1999 3132 2054 3170 ut
2074 3123 2265 3186 prosis·
2324 3120 2495 3182 Quint.

1431 3192 1507 3242 IX
1531 3190 1580 3253 3,
1607 3200 1673 3240 75.

1499 3267 1592 3308 207.
1623 3258 1891 3323 gradatio,
1916 3253 2143 3322 κλῖμαξ.
2192 3256 2259 3305 ad
2284 3256 2400 3305 Her.
2428 3255 2496 3307 IV

1430 3327 1516 3385 25,
1541 3334 1592 3376 34
1615 3341 1668 3390 g.
1694 3333 1786 3385 est,
1813 3324 1864 3372 in
1889 3338 1993 3387 qua
2014 3338 2116 3373 non
2141 3333 2259 3371 ante
2280 3323 2353 3372 ad·
2370 3338 2494 3373 con-

1432 3408 1655 3459 sequens
1686 3393 1896 3442 verbnm
1943 3390 2298 3450 descenditur,
2345 3404 2497 3452 quam

1431 3464 1497 3513 ad
1515 3461 1750 3526 superius
1770 3470 2105 3509 conscensum
2118 3466 2212 3514 est,
2226 3456 2343 3512 z.B.
2357 3457 2494 3507 Afri·

1432 3545 1559 3581 cano
1596 3528 1833 3579 virtutem
1867 3526 2143 3588 industria,
2185 3526 2348 3576 virtus
2382 3527 2494 3591 glo-

1431 3599 1583 3660 riam,
1619 3595 1781 3662 gloria
1816 3594 2043 3644 aemulos
2070 3594 2395 3659 comparavit.
2430 3619 2498 3631 —-

1432 3667 1593 3717 Habet
1626 3667 1679 3715 in
1714 3679 1770 3715 se
1795 3662 2050 3726 quendam
2084 3660 2311 3727 leporem
2336 3677 2495 3727 supe-

1432 3734 1580 3785 rioris
1605 3733 1851 3796 cuiusque
1876 3731 2053 3780 crebra
2076 3729 2309 3796 repetitio
2333 3731 2494 3789 verbi,

1434 3817 1564 3865 qnae
1596 3801 1805 3866 propria
1839 3807 1918 3850 est
1949 3798 2105 3849 huius
2127 3798 2495 3851 exornationis.

1502 3887 1783 3945 conversio,
1808 3873 2240 3949 ἄντιμεταβολή.
2287 3881 2355 3931 ad
2377 3881 2494 3931 Her.
2520 3904 2525 3909 ·

1435 3954 1502 4006 IV
1529 3952 1619 4017 28,
1647 3961 1697 4004 39
1730 3952 2055 4003 commutatio
2090 3956 2342 4016 genennt,
2377 3960 2496 3998 cum

1433 4024 1565 4073 dinae
1590 4021 1871 4071 sententiae
1893 4020 2025 4068 inter
2058 4033 2116 4068 se
2149 4018 2496 4083 discrepantes

1433 4107 1501 4141 ex
1523 4088 1819 4139 traiectione
1844 4088 1915 4137 ita
1939 4085 2232 4147 efferuntur,
2252 4092 2315 4135 nt
2336 4098 2367 4133 a
2389 4085 2493 4150 pri-

1433 4173 1522 4209 ore
1544 4157 1793 4224 posterior
1820 4155 2070 4205 contraris
2100 4153 2255 4219 priori
2290 4151 2496 4219 profici-

1434 4236 1623 4291 scatnr,
1650 4241 1694 4278 z.
1706 4225 1769 4277 Β.
1787 4238 1903 4275 esse
1920 4230 2121 4292 oportet
2137 4229 2194 4273 ut
2209 4222 2372 4282 vivas,
2393 4234 2493 4272 non
