2930 4693
915 219 1016 280 DE
1047 218 1401 283 ORATORE
1431 219 1456 280 1
1492 220 1589 281 22.
1620 226 1894 281 99—102.
2430 222 2513 287 39

463 391 614 452 Tum
643 387 816 450 ille:
845 388 1034 451 Immo
1064 408 1230 461 vero,
1274 390 1467 470 inquit
1488 437 1505 462 ,
1538 388 1798 470 Sulpici,
1843 406 2120 468 rogemus
2164 388 2500 461 Antonium,
2517 388 2682 462 2299

296 477 399 556 qui
441 483 500 537 et
541 481 737 556 potest
778 474 1004 546 facere,
1050 474 1207 554 quod
1252 475 1532 556 requiris,
1580 483 1639 536 et
1667 476 1996 546 consuevit,
2040 481 2107 535 ut
2134 481 2194 534 te
2223 472 2396 536 audio
2426 473 2514 534 di-

295 579 451 622 cere.
511 561 661 622 Nam
690 577 785 621 me
815 559 1053 639 quidem
1095 560 1285 621 fateor
1314 578 1550 639 semper
1591 578 1626 621 a
1655 578 1875 639 genere
1915 560 2031 621 hoc
2070 566 2193 620 toto
2224 560 2514 621 sermonis

295 646 585 725 refugisse
615 653 673 706 et
702 644 811 705 tibi
833 645 1100 724 cupienti
1129 651 1304 725 atque
1333 647 1578 706 instanti
1607 647 1947 724 saepissime
1978 662 2252 723 negasse,
2294 652 2362 718 ut
2390 652 2514 706 tute

293 731 489 810 paullo
540 738 676 792 ante
728 729 942 791 dixisti.
1032 729 1199 801 Quod
1242 748 1353 809 ego
1393 749 1515 791 non
1545 729 1822 810 superbia
1865 748 2058 811 neque
2086 730 2512 791 inhumanitate

293 815 609 887 faciebam,
655 833 847 895 neque
896 833 1012 894 quo
1061 821 1163 875 tuo
1194 815 1387 876 studio
1437 817 1769 876 rectissimo
1800 822 1973 895 atque
2005 816 2226 894 optimo
2257 833 2377 875 non
2407 814 2513 876 ‘oh-

293 903 463 982 sequi
492 900 730 970 vellem,
782 902 1133 980 praesertim
1187 918 1322 961 cum
1375 908 1440 980 te,
1472 919 1658 961 unum
1689 919 1762 961 ex
1791 900 2067 962 omnibus
2095 900 2170 961 ad
2200 899 2517 960 dicendum

294 988 548 1049 maxime
572 993 774 1047 natum
806 992 1124 1066 aptumque
1154 1003 1522 1065 cognossem,
1555 984 1660 1046 sed
1689 984 2031 1047 mehercule
2059 987 2226 1046 istius
2257 984 2517 1065 disputa-

296 1072 472 1132 tionis
501 1069 816 1132 insolentia
845 1078 1019 1150 atque
1050 1089 1253 1132 earum
1283 1090 1515 1142 rerum,
1559 1089 1708 1151 quae
1739 1073 1907 1152 quasi
1934 1072 1998 1131 in
2027 1077 2154 1131 arte
2185 1069 2515 1140 traduntur,

292 1157 543 1219 inscitia.

371 1253 376 1259 ·
464 1242 618 1303 Τιιιιι
641 1237 910 1303 COTTA:
944 1241 1233 1313 Quoniam
1255 1240 1335 1312 id,-
1366 1240 1526 1321 quod
1550 1240 1962 1302 difficillimum
1993 1240 2163 1301 nohis
2192 1238 2516 1311 videbatur,
2556 1254 2655 1307 100

295 1334 364 1388 ut
400 1329 642 1391 omnino
674 1325 748 1389 de
777 1327 869 1388 his
898 1325 1116 1398 rebuS,
1170 1327 1406 1398 Crasse,
1459 1325 1799 1407 loquerere,
1861 1326 2127 1387 adsecuti
2156 1344 2387 1396 sumus,
2445 1324 2517 1384 de

296 1411 574 1492 reliquo
557 1430 675 1473 lam
706 1417 908 1475 nostra
921 1410 1109 1503 'culpa
1138 1412 1346 1484 fuerit,
1391 1412 1442 1473 si
1472 1419 1558 1484 te,
1603 1413 1716 1472 nisi
1745 1413 1971 1484 omnia,
2005 1430 2156 1492 quae
2184 1412 2519 1490 percontati

297 1499 543 1569 erimuS‚
578 1496 919 1578 explicam,
921 1459 1367 1559 'dimiserimus

464 1583 547 1643 De
602 1584 712 1654 eis,
765 1581 975 1654 credo,
1027 1582 1238 1653 rebuS‚
1291 1583 1484 1662 inquit
1535 1578 1875 1654 CRASSUS,
1926 1589 1994 1642 ut
2041 1583 2104 1641 in
2157 1579 2517 1641 cretionibus
2548 1597 2645 1650 101
2738 1620 2775 1643 ν

296 1667 477 1731 scribi
506 1667 682 1740 solet,
717 1666 951 1749 ‘quibus
980 1669 1163 1729 sciam
1192 1668 1556 1748 poteroque'.
1928 1700 1935 1707 -
2010 1702 2015 1707 =

464 1753 618 1815 Tum
646 1753 806 1815 ille:
839 1754 989 1815 Nam
1011 1753 1167 1852 quod
1193 1760 1259 1813 tu
1290 1771 1409 1813 non
1441 1754 1667 1832 poteris
1689 1759 1790 1813 aut
1811 1752 2056 1823 nescieS,
2088 1752 2220 1831 quis
2253 1757 2521 1811 nostrum

297 1846 415 1901 tam
446 1838 760 1918 impudens
791 1845 908 1910 est,
941 1840 1043 1918 qui
1071 1856 1135 1899 se
1164 1839 1318 1899 scire
1349 1845 1449 1899 aut
1477 1856 1652 1917 posse
1680 1837 1974 1918 postulet?

463 1924 586 1984 lam
615 1942 767 1986 vero
796 1925 907 1984 ista
938 1921 1317 1995 condicione,
1362 1922 1504 1985 dum
1533 1924 1680 1985 mihi
1707 1923 1884 1984 liceat
1911 1939 2132 2002 negare
2159 1939 2334 2001 posse
2363 1919 2521 2000 quod

297 2027 416 2069 non
447 2017 656 2089 potero
686 2016 746 2071 et
773 2009 950 2069 fateri
978 2010 1207 2070 nescire
1237 2007 1397 2088 quod
1425 2010 1719 2080 nesciam,
1763 2008 1929 2081 licet,
1960 2008 2154 2089 inquit
2183 2003 2518 2084 CRASSUS‚

299 2101 493 2155 vestro
523 2093 812 2155 arbitratu
840 2094 1291 2174 percontemini.

424 2180 654 2259 Atqui,
686 2181 875 2259 inquit
915 2176 1469 2250 SULP101Us,hoc
1509 2180 1769 2260 primum
1810 2198 1883 2240 ex
1924 2187 2015 2248 te,
2061 2179 2134 2239 de
2181 2198 2298 2259 quo
2339 2175 2517 2239 modo
2561 2175 2660 2226 102

295 2266 582 2326 Antonius
633 2266 928 2345 exposuit,
992 2264 1134 2345 quid
1185 2266 1432 2336 sentim,
1487 2267 1851 2345 quaerimuS,
1906 2265 2280 2327 existimesne
2331 2270 2517 2326 artem

298 2349 551 2432 aliquam
583 2369 712 2412 esse
744 2350 1012 2412 dicendi?

364 2556 457 2615 22,
483 2564 548 2606 99.
596 2556 879 2621 refugisse,
912 2554 1046 2606 Einl.
1084 2557 1107 2605 1
1139 2553 1263 2622 88,
1288 2563 1359 2606 52.
1463 2553 1858 2621 sophistisch
1881 2581 1900 2591 -
1927 2554 2082 2606 rhet.
2131 2554 2374 2606 Manier
2421 2554 2519 2604 die

296 2624 654 2674 inhumanitate
669 2660 684 2683 ,
711 2628 820 2674 ‘aus
844 2622 1215 2675 Unhossichkeit
1238 2624 1361 2673 oder

296 2692 725 2757 Ungefiilligkeit.’

366 2762 514 2825 quasi
536 2763 589 2810 in
612 2767 754 2823 arte,
796 2758 970 2810 ‘deren
992 2758 1276 2823 Mitteilung
1300 2773 1356 2808 so

300 2844 364 2877 zu
411 2843 569 2892 sagon
614 2828 667 2878 in
716 2837 890 2893 streng
946 2826 1359 2892 systematischer

299 2896 447 2945 Form
488 2895 765 2962 geschicht’
778 2933 793 2958 ‚
852 2897 1036 2947 sodass
1083 2910 1202 2945 man
1249 2894 1358 2948 sich

298 2964 575 3028 gleichsam
598 2967 662 3014 in
688 2965 864 3014 diesen
876 2965 1087 3014 Formen
1117 2965 1356 3028 bewegen

299 3047 457 3083 muse.
504 3030 537 3098 S
567 3032 679 3084 157.
728 3034 773 3083 Π
799 3032 853 3083 l]
878 3072 891 3094 ,
916 3041 984 3084 48.

366 3102 571 3152 inscitia
611 3102 709 3152 wol
745 3117 809 3150 zu
836 3100 1231 3151 ‘untersoheiden
1255 3114 1355 3149 von

299 3170 580 3219 inscientia.
594 3169 724 3220 Dass
738 3169 817 3220 Cr.
832 3170 913 3222 die
924 3168 1051 3221 rhet.
1066 3167 1355 3220 Vorschrif·

300 3247 384 3287 ten
419 3238 652 3298 kenne,
701 3237 837 3287 stellt
871 3254 923 3287 er
957 3237 1130 3287 nicht
1162 3238 1215 3286 in
1248 3237 1357 3286 Ab·

301 3305 421 3356 rede
464 3304 516 3370 (1
551 3305 641 3365 31,
676 3314 776 3364 1373
812 3305 877 3355 47
892 3341 906 3364 ,
939 3305 1041 3370 205)
1062 3343 1075 3369 ,
1110 3306 1207 3355 wol
1242 3306 1361 3355 aber

301 3375 421 3424 dass
443 3374 548 3423 ihm
572 3376 684 3424 eine
707 3373 1001 3439 geschickts
1012 3373 1364 3437 Handhabung

301 3443 468 3491 dieser
514 3440 886 3492 theoretischen
931 3442 1094 3507 Dinge
1151 3440 1364 3505 abgehe.

300 3509 609 3575 Umgekehrt
629 3510 764 3564 ,aber
785 3511 853 3559 ist
876 3511 898 3559 1
921 3507 1015 3570 46,
1041 3518 1118 3559 203
1140 3509 1364 3558 inscien-

299 3579 420 3627 tiam
444 3578 535 3628 das
548 3576 778 3643 richtige,
799 3578 913 3628 weil
934 3593 988 3628 es
1008 3576 1119 3627 sich
1137 3578 1202 3626 da
1223 3576 1360 3625 nicht

303 3661 390 3696 um
413 3647 495 3697 die
517 3645 647 3696 rhet.
670 3646 902 3710 Theorie‚
928 3647 1151 3696 sondern
1169 3660 1258 3694 um
1276 3644 1360 3694 die

302 3716 430 3764 eben
462 3714 799 3780 geschilderte
831 3714 964 3765 hohe
996 3713 1229 3779 Aufgabe
1269 3713 1359 3762 des

302 3783 527 3833 Redners
539 3782 761 3841 handelt,
776 3800 839 3833 zu
858 3784 1013 3833 deren
1033 3781 1357 3847 erschopfen-

302 3851 394 3900 der
418 3850 713 3915 Darlegung
738 3849 861 3915 (wie
887 3851 967 3902 Cr.
992 3851 1046 3900 in
1071 3850 1239 3899 seiner
1261 3849 1358 3898 Be-

302 3918 648 3969 scheidenheit
664 3918 845 3984 meint)
871 3920 982 3970 sein
993 3918 1202 3968 Wissen
1225 3916 1364 3968 nicht

301 3986 580 4041 ansreiche.

372 4064 462 4107 101.
487 4054 696 4106 Durch
720 4054 820 4105 die
845 4054 1061 4105 Bitten
1086 4056 1198 4105 der
1221 4055 1359 4104 bei-

304 4123 423 4173 den
465 4123 710 4190 jungen
755 4123 1016 4173 Manner
1062 4124 1362 4188 bewogen

304 4192 727 4244 beantwortet
762 4191 855 4242 Cr.
899 4190 1215 4253 kiirzlich‚
1258 4191 1360 4254 je-

304 4259 458 4309 doch
496 4262 670 4311 nicht
700 4261 757 4309 iu
807 4261 918 4309 der
958 4259 1361 4324 gewohnlich

1460 2633 1816 2741 {flffigssegff
1835 2623 2520 2755 Ξῖἔέιῗίιῗέιιᾱῗιῗξὲιῖἶ

1461 2758 1890 2810 schaftlicher
1926 2759 2277 2811 Charakter
2322 2774 2479 2810 zuzu
2497 2786 2517 2795 -

1459 2828 1807 2878 schreiben
1840 2828 1937 2877 sei
1972 2825 2090 2892 (22,
2119 2826 2374 2890 lul—24,
2400 2825 2518 2892 110).

1527 2899 1580 2946 in
1602 2896 1908 2946 cretionibus
1926 2933 1938 2956 ,
1965 2911 2010 2947 s.
2037 2897 2143 2947 ind.
2170 2896 2340 2946 cretio.

1527 2966 1677 3024 Nam,
1693 2964 1749 3027 ja
1772 2964 1984 3026 freilich,
1998 2965 2088 3015 das
2114 2967 2325 3015 riiumen
2335 2964 2425 3013 wir
2447 2964 2524 3014 dir

1459 3049 1585 3099 gern
1611 3033 1709 3091 ein,
1730 3033 1822 3082 das
1841 3033 2066 3083 versteht
2084 3032 2194 3084 sich
2217 3047 2315 3083 von
2335 3032 2520 3089 selbstz

1461 3103 1495 3153 d
1508 3117 1535 3150 e
1550 3117 1582 3150 ιι
1594 3117 1626 3151 ιι
1639 3102 1884 3150 —'womit
1909 3102 1999 3151 der
2020 3102 2382 3151 Antwortende
2408 3101 2522 3149 dem

1458 3169 1734 3220 Redenden
1758 3169 2035 3234 gleichsam
2060 3172 2139 3220 ins
2164 3169 2315 3219 Wort
2338 3169 2446 3218 fiillt
2469 3184 2520 3219 n.

1459 3239 1544 3288 fiir
1565 3237 1653 3286 ihn
1678 3237 1761 3286 die
1784 3238 2130 3304 Begriindung
2150 3236 2438 3301 hinzufiigt.

1531 3306 1648 3355 Iam
1667 3321 1806 3367 vero,
1829 3304 1957 3354 nach
1980 3307 2147 3357 dieser
2169 3320 2381 3385 grossen
2392 3305 2521 3354 Ver-

1465 3375 1781 3440 giinstigung
1812 3400 1877 3407 —
1914 3373 2049 3423 fahrt
2097 3373 2176 3423 Cr.
2225 3374 2296 3422 im
2333 3372 2522 3423 Scherz

1465 3446 1569 3493 iort
1593 3469 1658 3477 -—
1693 3442 1775 3491 die
1809 3440 1886 3490 ihr
1909 3443 2006 3490 mir
2027 3440 2279 3507 gewiihrt,
2304 3441 2423 3491 sollt
2445 3439 2524 3490 ἰΙιι

1470 3510 1601 3561 auch
1635 3511 1748 3560 eine
1779 3510 2197 3575 Vergiinstigung
2218 3509 2408 3560 haben:
2444 3507 2524 3557 ihr

1462 3579 1600 3629 dfirft
1622 3593 1747 3627 nun
1770 3579 1992 3626 weiter
2014 3577 2209 3643 fragen.

1531 3656 1621 3697 102.
1648 3648 1814 3711 atqui,
1849 3661 1939 3695 zur
1962 3645 2283 3711 Einfiihrung
2305 3646 2394 3695 der
2418 3645 2522 3709 syl-

1462 3712 1791 3807 logistischen
1807 3715 2088 3779 assumptio
2104 3712 2345 3779 (Seyffert
2363 3712 2521 3763 schol.

1461 3784 1549 3833 lat.
1570 3780 1744 3847 §8:30⁴
1747 3798 1853 3834 nun
1874 3783 1996 3832 aber
2019 3783 2191 3847 (wenn
2216 3783 2335 3833 dem
2354 3795 2412 3831 so
2430 3778 2523 3844 ist)

1464 3867 1522 3902 so
1558 3852 1738 3901 stellen
1771 3853 1858 3900 wir
1892 3860 2062 3901 zuerst
2084 3851 2166 3900 die
2190 3847 2398 3915 Fragess
2433 3850 2525 3898 mit

1464 3922 1604 3969 einer
1612 3920 1864 3985 gewissen
1874 3918 2235 3969 absichtlichen
2251 3917 2524 3969 Fsrmlieh-

1464 3989 1590 4051 ksit,
1602 3989 1698 4037 wie
1707 3989 1783 4037 sie
1807 3988 1922 4037 dem
1936 3989 2064 4038 eben
2086 3994 2393 4052 angeregten
2412 3985 2520 4036 hei-

1463 4067 1575 4106 tern
1621 4057 1728 4105 Ton
1772 4056 1862 4106 des
1911 4053 2195 4121 Gespriichs
2230 4070 2362 4120 ganz
2411 4065 2522 4105 ent-

1464 4123 1671 4189 spricht.

1531 4199 1714 4251 artem,
1742 4193 1823 4242 ‘ob
1849 4206 1905 4241 es
1932 4193 2043 4241 eine
2068 4191 2520 4256 eigentlicheWis-

1463 4260 1720 4310 senschaft
1744 4260 1834 4311 der
1850 4260 2231 4311 Beredsamkeit
2251 4262 2418 4326 gebe’,
2437 4274 2519 4308 ars
