2930 4693
837 233 935 295 DE
968 233 1324 297 ORATORE
1355 234 1380 295 Ι
1419 236 1515 295 11.
1546 239 1788 294 ‹to—48.
2348 238 2432 303 23

177 401 515 462 Aeschines
551 399 920 464 obtinebant.
992 403 1138 466 Erat
1166 404 1346 465 etiam
1386 401 1791 473 MetrodoruS,
1833 403 1937 482 qui
1978 420 2114 464 cum
2157 402 2274 464 illis
2312 420 2429 465 una

175 488 385 565 ipsum
415 485 584 548 illum
614 487 982 549 Carneadem
1013 488 1355 568 diligentius
1385 487 1691 559 audierat,
1735 487 2043 549 hominem
2070 489 2337 549 omnium
2364 490 2430 549 in

69 637 74 640 ,
180 570 446 633 dicendo
466 619 484 643 ,
518 580 582 633 ut
606 571 891 642 ferebant,
925 576 1284 635 acerrimum
1314 580 1375 633 et
1405 573 1910 652 copiosissimum
1942 571 2295 653 vigebatque
2325 591 2429 634 au·

179 655 351 717 ditor
389 655 656 718 Panaetii
695 656 853 718 illius
903 659 988 719 tui
1027 659 1414 720 Mnesarchus
1464 664 1526 718 et
1576 657 1957 736 Peripatetici
1997 656 2240 719 Critolai
2292 657 2430 719 Dio-

181 740 397 802 doruS.
475 740 645 802 Multi
695 750 867 803 erant
909 751 1222 822 praeterea
1264 741 1413 804 clari
1442 744 1508 802 iu
1539 741 1916 822 philosophia
1977 749 2038 802 et
2066 741 2298 803 nobiles
2317 789 2335 813 ,
2396 760 2432 803 a

177 825 408 906 quibus
447 826 723 887 omuibus
768 845 885 888 una
925 846 1117 907 paene
1158 846 1302 889 voce
1344 825 1556 906 repelli
1595 834 1894 888 oratorem
1936 844 1969 887 a
2013 825 2433 907 gubernaculis

174 912 508 982 civitatum,
542 909 779 972 excludi
806 911 881 972 ab
913 915 1077 973 omni
1107 913 1377 974 doctrina
1409 930 1730 991 rerumque
1759 914 2054 973 maiorum
2084 913 2329 973 scientia
2361 929 2431 972 ac

177 1002 421 1057 tantum
443 997 508 1056 in
527 995 743 1057 iudicia
768 1004 828 1057 et
847 996 1255 1059 contiunculas
1287 1008 1585 1076 tamquam
1615 998 1679 1057 in
1709 996 1947 1076 aliquod
1977 998 2294 1077 pistrinum
2327 996 2430 1057 de·

181 1080 354 1142 trudi
388 1088 449 1141 et
478 1082 781 1160 compingi
808 1080 1099 1144 videbam.
1162 1083 1281 1145 Sed
1312 1100 1422 1162 ego
1455 1099 1649 1162 neque
1678 1080 1797 1141 illis
1826 1080 2205 1143 adsentiebar
2235 1098 2430 1162 neque

178 1166 408 1227 harum
430 1165 893 1245 disputationum
914 1168 1209 1229 inventori
1233 1176 1293 1229 et
1312 1168 1573 1247 principi
1592 1165 1770 1246 longe
1790 1161 2149 1228 omnium'in
2179 1166 2431 1228 dicendo

178 1252 538 1330 gravissimo
569 1259 629 1312 et
658 1250 1156 1330 eloquentissimo,
1188 1252 1435 1322 Platoni,
1470 1254 1637 1313 cuius
1663 1261 1789 1312 tum
1811 1252 2058 1314 Athenis
2087 1270 2224 1313 cum
2247 1252 2432 1314 Char·

179 1334 369 1399 mada
393 1335 733 1415 diligentius
761 1335 879 1415 legi
894 1337 1205 1417 Gorgiam;
1238 1356 1355 1418 quo
1384 1338 1445 1397 in
1477 1335 1632 1398 libro
1664 1336 1778 1397 hoc
1806 1338 2064 1399 maxime
2094 1336 2433 1398 admirabar

180 1420 519 1492 Platonem,
552 1421 711 1501 quod
737 1422 888 1481 mihi
916 1423 980 1483 in
1011 1422 1348 1484 oratoribus
1375 1421 1699 1483 irridendis
1727 1423 1855 1500 ipse
1882 1439 2010 1487 oese
2041 1429 2242 1483 orator
2271 1440 2432 1483 sum·

181 1524 330 1568 mus
356 1504 682 1569 videbatur.
744 1506 924 1567 Verbi
947 1509 1106 1569 enim
1137 1508 1541 1570 controversia
1568 1509 1688 1568 iam
1718 1506 1818 1567 diu
1844 1514 2083 1586 torquet
2112 1505 2434 1568 Graeculos

180 1591 469 1653 homines
498 1593 896 1653 contentionis
925 1593 1263 1672 cupidiores
1293 1611 1472 1673 quam
1502 1592 1781 1653 veritatis.
1853 1591 2004 1653 Nam
2033 1592 2083 1651 si
2113 1593 2244 1670 quis
2272 1593 2433 1653 hunc

180 1677 397 1739 statuit
424 1695 554 1737 esse
584 1684 908 1747 oratorem,
958 1680 1061 1758 qui
1089 1678 1500 1740 tantummodo
1542 1679 1605 1738 in
1632 1678 1763 1737 iure
1793 1683 1854 1736 et
1894 1678 1957 1737 in
1986 1675 2218 1736 iudiciis
2246 1677 2434 1755 possit

182 1769 296 1823 aut
337 1762 496 1841 apud
533 1761 820 1842 populum
866 1770 969 1824 aut
1006 1765 1071 1824 in
1112 1772 1322 1825 senatu
1374 1764 1615 1841 copiose
1653 1760 1844 1842 loqui,
1896 1769 2098 1822 tamen
2138 1761 2277 1821 huic
2318 1762 2434 1841 ipsi

183 1845 380 1914 multa
400 1847 624 1909 tribuat
645 1854 706 1909 et
733 1847 1024 1909 concedat
1051 1867 1295 1911 necesse
1326 1855 1434 1910 est.
1494 1848 1701 1928 Neque
1730 1848 1892 1908 enim
1922 1848 2052 1907 sine
2080 1845 2267 1908 multa
2293 1864 2434 1926 per-

2475 758 2546 810 46

2473 1099 2544 1149 47

2475 1611 2545 1662 48

1361 2070 1504 2119 simo.
1547 2067 1755 2130 Beides,
1784 2068 1869 2118 die
1890 2069 2116 2134 gravitas
2141 2068 2194 2117 in
2217 2067 2435 2118 dicendo

1364 2133 1530 2202 (deun
1556 2136 1639 2186 die
1664 2137 1842 2186 Worte
1876 2137 1929 2185 in
1964 2137 2180 2186 dicendo
2204 2137 2430 2200 gehoren

1365 2204 1616 2253 natiirlich
1640 2204 1792 2253 allein
1817 2220 1883 2253 zu
1905 2219 2048 2268 grav.
2070 2220 2123 2253 ιι.
2146 2203 2286 2253 nicht
2305 2213 2435 2252 etwa

1364 2271 1498 2322 auch
1524 2288 1589 2321 zu
1613 2272 1773 2335 eloq.,
1808 2272 1911 2337 vgl.
1936 2273 1968 2334 5
1986 2270 2081 2337 49)
2114 2288 2165 2322 u.
2202 2272 2285 2321 die
2322 2271 2431 2320 elo-

1367 2341 1575 2405 quentia
1598 2340 1795 2402 Platos,
1831 2340 1975 2390 aeine
2009 2339 2229 2390 erhaben
2266 2346 2436 2389 ernste

1367 2425 1421 2461 u.
1445 2408 1579 2458 doch
1603 2408 1753 2458 dabei
1775 2424 1834 2459 so
1852 2409 2127 2459 fliessende
2149 2409 2257 2457 und
2271 2408 2436 2473 gesal-

1368 2478 1472 2542 lige
1483 2475 1709 2542 Sprache
1730 2476 1900 2526 riihmt
1913 2477 2016 2528 Cic.
2036 2476 2213 2528 ostem.
2255 2490 2299 2525 s.
2327 2474 2436 2525 ind.

1368 2545 1531 2594 Plato.

261 2072 577 2118 acen-imum.
626 2067 788 2127 1138,
824 2077 924 2128 1613
966 2069 1037 2119 111
1075 2067 1166 2134 19,
1191 2078 1258 2120 71.

185 2137 343 2201 Diog.
381 2137 547 2185 Laert.
585 2137 655 2186 IV
687 2135 745 2199 9,
782 2145 835 2189 62
888 2151 1159 2189 τοσουτον
1194 2131 1260 2189 δὲ

188 2203 432 2281 ἴσχυσες
476 2195 541 2255 ἐν
587 2204 905 2284 φιλοσοφίᾳ
963 2195 1104 2256 ὥστε
1160 2202 1262 2257 καὶ

188 2266 334 2331 τοὺς
360 2265 604 2337 ῤἠτορας
637 2264 1035 2333 ninnivem-tote
1061 2265 1124 2324 ἐκ
1147 2271 1264 2325 τῶν

187 2338 411 2418 σχυλῷν
433 2331 565 2422 noco:
586 2331 763 2394 οὶύτόν
787 2335 940 2394 ἰέναι
963 2339 1061 2394 καὶ
1084 2332 1265 2394 αὐτοῦ

186 2401 453 2461 ‹inova-v.
518 2426 595 2474 ην
627 2404 694 2461 δὲ
726 2407 830 2462 καὶ
861 2402 1261 2476 μεγαλοφωνό·

188 2493 370 2536 cavos·
393 2505 453 2513 —
479 2475 579 2529 καὶ
605 2470 669 2530 ἐν
693 2482 823 2538 ταῖς
845 2470 1106 2545 ζητήσεσι
1130 2470 1279 2530 ‹515⁶-¹

188 2561 398 2613 emtus·

261 2623 335 2665 46.
372 2616 427 2664 in
445 2615 741 2677 pistrinum,
768 2631 832 2665 zu
855 2613 1024 2665 harter
1049 2613 1266 2665 Strafar-

193 2684 332 2744 best,
369 2682 465 2730 wie
497 2681 670 2747 hauflg
707 2683 788 2732 bei
814 2684 913 2732 den
939 2687 1065 2733 rom.
1090 2683 1269 2732 Komi-

191 2752 353 2801 kern:
390 2762 441 2798 te
473 2750 527 2798 iu
559 2751 839 2820 pistrInum-
867 2751 1078 2809 dedam,
1116 2750 1267 2800 homo

192 2818 416 2884 pistrino
429 2818 639 2882 diguus;
667 2818 845 2867 daher:
861 2820 1068 2869 detrudi
1073 2826 1126 2869 et
1136 2834 1244 2868 com
1253 2843 1270 2853 ·

187 2886 346 2952 pingi
376 2886 471 2934 wie
504 2901 622 2936 man
649 2885 865 2935 Sclaven
901 2902 966 2935 zu
1001 2887 1264 2935 tractieren

196 2955 385 3021 pilegt‚
413 2954 497 3002 die
519 2969 638 3003 man
663 2954 795 3003 ohne
818 2955 969 3018 lange
988 2953 1268 3005 Umstande

194 3026 248 3072 in
285 3023 370 3072 die
395 3020 714 3072 Sonterrains
750 3026 911 3072 stosst
948 3038 996 3072 u.
1024 3024 1098 3072 sie
1123 3022 1268 3071 daria

195 3092 452 3155 einsperrt
462 3090 602 3153 (Ter.
615 3092 775 3140 Andr.
793 3091 862 3139 111
881 3091 930 3151 4,
949 3092 1269 3156 21praecipi-

196 3167 298 3209 tem
321 3157 476 3207 mein
497 3158 771 3225 pistrinum
797 3156 984 3223 dabit).
1009 3159 1110 3208 Tac
1125 3157 1267 3209 .dial.

197 3227 263 3277 de
290 3240 365 3275 or.
390 3223 457 3276 32
485 3227 538 3275 ut
563 3252 628 3261 —
650 3228 699 3275 in
719 3226 1058 3292 paucissimos
1083 3240 1268 3276 sensus

197 3303 249 3344 et
285 3305 536 3358 angustas
560 3295 839 3344 sententias
863 3296 1141 3345 detrudant
1164 3293 1267 3343 elo-

197 3363 464 3426 quentiam
486 3362 626 3412 velut
650 3362 917 3428 expulsam
943 3377 1099 3429 reguo
1122 3375 1235 3412 suo.

267 3438 339 3479 47.
385 3430 562 3480 harum
597 3432 990 3495 disputationum
1021 3430 1275 3481 inventori

198 3527 266 3535 —
302 3497 538 3547 insofern
567 3513 621 3547 er
655 3499 706 3547 in
742 3500 936 3548 seinem
983 3497 1112 3563 (vou
1156 3499 1272 3546 dem

196 3564 609 3633 gleichnamigen
637 3565 909 3632 Sophisten
933 3583 982 3615 u.
1008 3565 1198 3615 Rhetor
1214 3578 1273 3614 so

201 3635 520 3698 benannten)
559 3633 743 3699 Dialog
784 3633 997 3699 Gorgias
1041 3649 1133 3683 zur
1173 3632 1274 3682 Be-

199 3700 493 3767 kfimpfung
525 3701 617 3751 der
641 3701 914 3768 Sophisteu
949 3702 1137 3767 get-ade
1161 3701 1273 3749 die-

199 3785 295 3822 sen
332 3771 622 3835 Gegensatz
658 3769 910 3820 zwischen
944 3768 1276 3834 Philosophie

201 3855 256 3889 u.
300 3836 547 3888 Rhetorik
586 3837 915 3902 hervorbebt‚
963 3852 1066 3888 von
1109 3838 1275 3887 denen

203 3908 290 3958 die
338 3908 546 3956 letztere
593 3906 688 3956 den
731 3906 1003 3957 Menschen
1047 3921 1143 3957 nur
1185 3919 1279 3954 zur

202 3974 511 4027 Sinnenlust
557 3975 855 4037 bestimme‚
902 3973 1143 4024 wahrend
1193 3973 1277 4023 die

201 4042 534 4107 Philosopbie
552 4043 703 4092 allein
730 4058 821 4092 zur
837 4042 1039 4092 wahren
1052 4040 1279 4092 Einsicht

203 4111 355 4162 fiihre
379 4109 595 4176 (11132‚
624 4108 742 4173 129).
800 4110 967 4160 Daber
1000 4113 1083 4162 Or.
1114 4109 1200 4170 13,
1225 4117 1278 4158 42

205 4180 490 4243 exagitator
512 4179 738 4228 omnium
764 4177 1040 4228 rhetorum.

273 4250 328 4298 in
348 4248 563 4298 dicendo
584 4248 881 4312 yravissimo
900 4255 952 4297 et
971 4249 1276 4312 eloquentie·

1442 2613 1722 2663 Graeculos
1753 2612 1976 2663 homines
2008 2636 2079 2647 —-
2123 2612 2191 2660 im
2225 2611 2434 2676 geriug-

1371 2679 1718 2740 schatzeuden
1744 2680 1901 2744 Sion,
1927 2679 2023 2729 wie
2045 2678 2204 2729 sehon
2231 2679 2325 2728 das
2346 2678 2439 2728 de-

1372 2749 1680 2798 minutivum
1713 2748 1935 2813 anzeigt.
1992 2747 2174 2797 Einem
2207 2754 2435 2810 eramen,

1371 2830 1438 2865 an
1463 2816 1547 2866 ein
1572 2814 1792 2880 thatiges
1816 2815 1983 2866 Lebeu
2011 2815 2313 2881 gewohnten
2332 2815 2438 2864 Ro-

1370 2899 1481 2933 mer
1513 2882 1745 2934 mochten
1791 2871 2071 2949 allerdiuga
2113 2882 2436 2949 dergleichen

1368 2951 1788 3017 Disputationeu,
1828 2953 1907 3003 bei
1941 2952 2104 3002 denen
2133 2968 2189 3002 ea
2215 2951 2438 3002 wirklich

1368 3019 1546 3084 hfiuflg
1582 3020 1678 3070 auf
1713 3021 1863 3070 einen
1906 3021 2111 3071 blossen
2148 3021 2441 3070 Wortstreit

1369 3085 1669 3146 hinausliei',
1706 3089 1757 3138 in
1797 3089 1887 3139 der
1908 3088 2038 3139 That
2060 3087 2180 3138 sehr
2200 3086 2441 3138 kleinlich

1372 3157 1701 3206 vorkommen
1751 3154 1809 3222 (5
1860 3154 2012 3221 102);
2068 3158 2181 3206 eine
2229 3155 2442 3219 Gering·

1371 3223 1670 3288 schiitzuug,
1697 3225 1780 3274 die
1797 3224 1959 3275 durch
1983 3224 2068 3274 die
2092 3224 2255 3275 vielen
2282 3222 2442 3274 Char-

1371 3291 1539 3341 latane
1558 3292 1666 3343 und
1676 3293 1982 3343 Halbwisser
1998 3291 2321 3342 untervielen
2341 3304 2443 3340 von

1375 3361 1493 3410 den
1519 3359 1793 3421 Griechen,
1820 3362 1904 3411 die
1925 3360 2037 3410 sich
2061 3359 2221 3410 achon
2248 3358 2442 3409 daunais

1375 3428 1483 3477 und
1514 3430 1688 3494 spater
1722 3428 1854 3478 noch
1886 3427 2117 3492 hauflger
2152 3426 2280 3476 nach
2313 3427 2443 3475 Rom

1378 3510 1537 3560 zogen
1555 3535 1568 3559 ,
1619 3512 1714 3546 nur
1754 3496 1885 3547 noch
1923 3496 2200 3561 gesteigert
2239 3494 2442 3543 werden

1376 3574 1590 3616 musste.
1613 3565 1646 3626 5
1669 3564 1788 3615 221.
1815 3580 1869 3630 p.
1899 3563 2032 3616 Sest.
2060 3562 2153 3622 51,
2182 3571 2270 3612 110.
2305 3560 2439 3610 Plut.

1380 3633 1486 3709 Cic2
1521 3632 1554 3682 5
1600 3630 1783 3684 ταῦτα
1819 3622 1894 3698 δὴ
1939 3623 2011 3682 τὰ
2037 3621 2335 3709 ’ξωμαίςις
2374 3655 2439 3664 ·--

1376 3714 1652 3846 2‘2‘23553
1669 3697 2176 3834 ..tantast-
2198 3692 2445 3831 ἑιιξῑῧ

1376 3852 1622 3889 ακονων.

1442 3915 1512 3956 48.
1532 3907 1708 3956 iniure
1719 3911 1771 3955 et
1782 3906 1836 3954 in
1846 3905 2062 3966 iudiciis,
2084 3901 2212 3953 nach
2226 3901 2323 3952 den
2338 3903 2448 3952 bei-

1378 3973 1478 4024 den
1512 3973 1710 4032 Seiten‚
1747 3974 1838 4023 der
1860 3973 2167 4022 Instruction
2205 3972 2296 4021 des
2319 3970 2446 4021 Pro·

1379 4057 1554 4092 cesses
1581 4040 1713 4092 nach
1737 4040 1834 4090 den
1858 4041 2071 4105 gesetzl.
2099 4039 2444 4090 Bestimmuu-

1375 4125 1479 4175 gen
1504 4109 1610 4159 und
1633 4112 1684 4159 d.
1698 4107 1938 4173 Ffihrung
1951 4109 2219 4159 desselben
2238 4122 2330 4158 vor
2342 4109 2444 4159 Ge·

1378 4177 1536 4236 richt3
1576 4178 1682 4243 vgl.
1704 4179 1737 4240 5
1766 4176 1851 4226 42.
1904 4177 1997 4229 173
2016 4178 2221 4227 haerere
2251 4177 2304 4227 in
2333 4178 2445 4227 iure

1378 4262 1444 4296 ac
1470 4253 1770 4311 praetorum
1791 4245 2138 4297 tribunalibus.
