2930 4693
925 185 1023 248 DE
1054 183 1409 247 ORATORE
1438 185 1463 247 1
1495 185 1597 248 62.
1630 192 1751 245 264.
1780 193 1904 248 265.
2435 192 2516 255 95

453 355 605 416 Τιιιιι
638 349 984 417 CRASSUS:
1017 355 1370 435 operarium
1401 355 1574 416 nobis
1603 356 1919 437 quendam,
1949 356 2184 430 Antoni,
2219 366 2517 422 oratorem
2550 365 2653 418 263

284 441 429 503 facis
469 446 644 519 atque
686 440 844 502 haud
873 442 997 502 scio
1029 459 1104 502 an
1148 440 1319 501 aliter
1348 441 1567 502 sentias
1599 448 1659 502 et
1686 448 1857 502 utare
1899 449 1997 503 tua
2026 441 2129 503 illa
2157 444 2420 504 mirifica
2440 444 2515 505 ad

281 524 676 587 refellendum
708 525 1153 597 consuetudine,
1186 545 1300 605 qua
1331 525 1440 587 tibi
1468 544 1645 587 nemo
1675 545 1956 606 umquam
1984 529 2314 609 praestitit3
2348 531 2514 590 cuius

283 610 521 710 quidem
564 612 748 689 ipsius
787 609 1079 672 facultatis
1120 612 1462 671 exercitatio
1495 618 1798 672 oratorum
1828 614 2070 692 propria
2103 621 2217 682 est,
2253 612 2414 673 sed
2397 632 2515 676 iam

282 698 346 758 in
376 694 865 777 philosophorum
898 695 1323 757 consuetudine
1352 702 1621 757 versatur
1650 698 2021 776 maximeque
2054 715 2287 768 eorum,
2320 699 2517 778 quide

285 782 449 843 omni
490 798 557 841 re
580 782 887 861 proposita
914 782 978 842 in
1005 789 1321 861 utramque
1348 788 1583 862 partem
1614 781 1809 842 solent
1849 783 2251 862 copiosissime
2298 782 2514 844 dicere.

282 866 501 927 Verum
536 884 644 944 ego
677 884 795 927 non
820 865 1012 928 solum
1043 865 1404 938 arbitrabar,
1436 866 1531 925 his
1558 868 1913 946 praesertim
1944 867 2337 936 audientibus,
2361 887 2395 929 a
2419 887 2515 929 me
2546 876 2651 928 264

279 952 595 1012 informari
636 959 954 1031 oportere,
992 950 1180 1031 qualis
1211 969 1341 1013 esse
1370 958 1573 1031 posset
1600 953 1685 1022 is,
1730 953 1833 1031 qui
1861 950 2156 1013 habitaret
2195 954 2260 1012 in
2290 952 2516 1013 subsel-

280 1035 374 1097 liis
403 1054 598 1116 neque
627 1035 947 1116 quidquam
979 1034 1231 1116 amplius
1261 1035 1553 1107 adferret,
1586 1056 1763 1116 quam
1793 1036 1951 1116 quod
1976 1055 2287 1098 causarum
2312 1055 2516 1099 neces-

281 1123 423 1183 sitas
451 1120 806 1201 postularet;
851 1121 953 1182 sed
986 1122 1174 1182 maius
1206 1120 1484 1201 quiddam
1516 1120 1817 1188 videbam,
1868 1140 2003 1182 cum
2035 1121 2352 1183 censebam
2383 1141 2516 1183 ora-

280 1213 502 1277 torem,
546 1206 900 1285 praesertim
941 1207 1005 1267 in
1034 1213 1237 1267 nostra
1268 1225 1336 1267 re
1365 1204 1633 1285 publica,
1679 1205 1898 1268 nullius
1938 1208 2273 1268 ornamenti
2305 1222 2516 1286 exper-

222 1316 231 1325 ·
283 1298 400 1353 tem
446 1309 575 1353 esse
604 1297 902 1370 oportere.
963 1291 1055 1352 Tu
1086 1297 1310 1362 autem,
1344 1293 1627 1371 quoniam
1658 1292 1883 1370 exiguis
1915 1291 2264 1372 quibusdam
2300 1291 2517 1353 finibus

280 1383 469 1438 totum
499 1377 753 1437 oratoris
781 1395 999 1438 munus
1028 1375 1500 1446 circumdedisti,
1533 1375 1647 1437 hoc
1679 1374 1906 1438 Facilius
1937 1376 2108 1437 nobis
2135 1394 2396 1456 expones
2425 1395 2513 1450 ea,

282 1480 432 1542 quae
475 1461 580 1521 abs
619 1468 679 1521 te
725 1460 798 1522 de
843 1461 1051 1522 officiis
1096 1463 1549 1540 praeceptisque
1592 1463 1844 1521 oratoris
1890 1462 2153 1541 quaesita
2201 1468 2367 1530 sunt;
2412 1462 2517 1522 sed

281 1548 493 1627 opinor
524 1545 851 1608 secundum
880 1545 1040 1606 hunc
1071 1545 1247 1606 diem.
1306 1546 1459 1607 Satis
1490 1547 1649 1606 enim
1673 1544 1857 1606 multa
1886 1566 1919 1606 a
1950 1545 2122 1606 nobis
2150 1546 2327 1606 hodie
2359 1545 2514 1607 dicta

281 1637 436 1692 sunt.
528 1630 696 1692 Nunc
738 1638 797 1693 et
841 1630 1147 1701 Scaevola,
1193 1632 1473 1711 quoniam
1517 1632 1580 1690 in
1621 1629 2019 1692 Tusculanum
2060 1631 2150 1691 ire
2194 1632 2514 1701 constituit,

279 1714 543 1795 paullum
574 1718 932 1796 requiescet,
968 1715 1106 1776 dum
1138 1734 1203 1775 se
1235 1714 1396 1776 calor
1425 1715 1692 1794 frangat3
1740 1723 1798 1775 et
1828 1734 1938 1777 nos
1967 1716 2110 1795 ipsi,
2145 1717 2424 1796 quoniam
2456 1715 2517 1776 id

284 1802 567 1882 temporis
599 1808 714 1871 est,
746 1801 1067 1862 valetudini
1091 1799 1299 1862 demus
1332 1818 1596 1880 operam.

447 1884 676 1946 Placuit
704 1887 788 1946 sic
820 1885 1112 1947 omnibus,

450 1971 605 2031 Tum
636 1964 1040 2040 SCAEVOLA,
1085 1970 1269 2040 Sane,
1314 1971 1535 2050 inquit,
1580 1969 1789 2031 vellem
1835 1989 1955 2031 non
1986 1970 2424 2032 constituissem
2455 1971 2517 2030 in

280 2053 682 2117 Tusculanum
712 2074 807 2116 me
830 2055 1007 2116 hodie
1031 2062 1344 2116 venturum
1375 2072 1505 2115 esse
1528 2054 1747 2116 Laelio.
1801 2054 2084 2116 Libenter
2108 2054 2374 2115 audirem
2399 2054 2515 2115 An-

279 2141 527 2202 tonium.
588 2139 687 2212 Et,
722 2159 857 2201 cum
890 2147 1261 2219 exsurgeret,
1294 2138 1471 2200 simul
1502 2139 1811 2211 adridenS,
1843 2141 2049 2220 Neque
2082 2141 2272 2210 enim,
2304 2141 2513 2219 inquit,

279 2232 401 2286 tam
444 2225 590 2285 mihi
630 2223 912 2286 molestus
954 2226 1089 2297 fuit,
1135 2223 1293 2324 quod
1333 2227 1425 2286 ius
1467 2232 1741 2286 nostrum
1785 2224 1953 2285 civile
1983 2223 2292 2304 pervellit,
2340 2242 2517 2323 quam

279 2309 598 2383 iucundUS,
632 2311 790 2391 quod
819 2329 882 2373 se
911 2311 972 2373 id
1005 2311 1237 2373 nescire
1268 2310 1578 2372 confessus
1609 2317 1716 2371 est.

347 2496 439 2559 62,
473 2505 569 2549 263.
608 2498 936 2564 operarium,
971 2497 1005 2560 S
1036 2494 1121 2548 83.
1164 2494 1343 2555 11119,

278 2576 329 2617 69
354 2567 409 2616 ff.

346 2636 401 2685 in
403 2634 820 2699 philosophorum
830 2634 1207 2693 consuetudine,
1219 2629 1252 2699 S
1263 2630 1349 2685 84.

346 2710 443 2756 264.
500 2702 759 2752 habitaret
790 2704 845 2751 in
873 2702 1155 2759 subsellii-3,
1203 2701 1348 2751 scine

277 2770 549 2822 bleibende
574 2768 740 2820 Statte
763 2768 856 2819 auf
875 2769 973 2818 den
992 2767 1346 2820 Gerichtsban·

279 2839 381 2889 ken
416 2836 816 2904 aufgeschlagen
847 2835 961 2897 hat,
995 2850 1098 2886 von
1123 2836 1222 2886 den
1248 2837 1345 2888 Ge-

277 2905 471 2956 richten
500 2904 639 2956 nicht
662 2905 982 2970 wegkommt.
1018 2903 1087 2954 So
1111 2904 1251 2955 Brut.
1264 2902 1348 2963 89,

280 2983 357 3024 305
381 2972 611 3023 habitant
645 2974 700 3023 in
723 2973 917 3023 rostris.
975 2988 1030 3038 p.
1056 2973 1184 3024 Mur.
1210 2972 1272 3035 9,
1298 2981 1348 3022 21

281 3043 336 3092 in
359 3041 472 3092 foro
495 3041 742 3093 habitant.
792 3042 875 3106 Vg
877 3041 911 3091 l.
936 3042 981 3090 11
1006 3039 1099 3101 38,
1128 3050 1230 3100 160;
1258 3010 1349 3101 τ72,

280 3118 374 3161 292.
412 3111 482 3159 ΙΙΙ
505 3108 565 3174 8,
592 3118 660 3164 31.
709 3109 827 3175 Vgl.
840 3056 896 3175 gs
926 3107 1021 3161 173
1055 3109 1264 3159 haerere
1295 3110 1351 3160 in

280 3178 635 3229 tribunalibus.

354 3262 521 3313 neque
557 3248 827 3313 quidquam
850 3248 1089 3311 amplius,
1125 3244 1233 3296 also
1262 3245 1352 3296 der

1447 2496 1622 2548 blosse
1645 2496 1928 2547 Praktiker.
1976 2498 2230 2559 videbam,
2268 2496 2351 2546 ich
2373 2496 2517 2547 hatte

1449 2566 1521 2614 im
1548 2566 1711 2630 Auge.

1517 2647 1627 2682 eum
1649 2631 1939 2695 censebam,
1971 2645 2060 2681 wo
2095 2632 2175 2681 ich
2202 2630 2338 2681 mich
2363 2631 2517 2683 dahin

1449 2699 1730 2766 aussprach
1764 2699 1904 2764 (tum
1928 2699 2095 2764 cum),
2133 2702 2178 2751 Π
2203 2697 2299 2765 60,
2324 2709 2374 2750 70
2403 2715 2517 2751 cum

1448 2768 1694 2833 fingebat.

1519 2844 1613 2887 265.
1652 2835 1902 2887 Scaevola
1925 2836 2058 2889 Einl.
2081 2837 2103 2886 1
2129 2837 2159 2898 9
2183 2833 2267 2896 20,
2296 2845 2390 2886 196.

1520 2905 1780 2964 ἰησιιηάιιε,
1807 2905 1934 2955 eben
1959 2919 2138 2970 wegen
2158 2905 2325 2954 dieses
2347 2905 2516 2955 seines

1453 2972 1642 3021 naiven
1677 2972 2072 3024 Gestiindnisses
2108 2973 2278 3023 aeiner
2300 2971 2518 3023 Rechts-

1452 3041 1781 3092 unkenntniS.
1804 3040 1974 3091 Damit
1984 3041 2316 3093 bekommtA.
2343 3057 2407 3090 zu
2425 3054 2520 3105 ge-

1451 3107 1647 3159 rechter
1671 3109 1987 3175 Vergeltung
2018 3108 2100 3159 ssu·
2123 3110 2266 3160 scine
2288 3108 2518 3158 Polemik

1451 3191 1620 3242 gegen
1643 3177 1774 3227 das
1760 3193 1842 3227 lus
1868 3176 2018 3227 civile
2035 3192 2137 3227 von
2157 3178 2273 3227 dem
2289 3174 2517 3226 heiteren

1453 3245 1605 3295 Alten
1630 3244 1763 3295 noch
1789 3260 1854 3294 zu
1871 3244 2143 3309 guterletzt
2166 3246 2341 3295 seinen
2353 3242 2515 3293 Lohn.
