2930 4693
899 231 997 298 DE
1028 233 1385 307 ORATORE
1414 234 1556 301 11x5.
1591 245 1652 297 17
1667 271 1730 284 -
1745 245 1826 299 19.

2344 249 2466 314 105

239 402 408 465 Cotta
435 400 569 482 plus
598 420 774 482 quam
805 420 915 482 ego
945 404 1102 483 apud
1133 414 1191 467 te
1219 405 1417 467 valere
1446 406 1787 477 videantur,
1832 415 1891 468 et
1933 416 1993 468 te
2036 410 2295 473 exorabo
2324 432 2465 493 pro-

236 487 423 557 fecto,
467 494 532 547 ut
569 487 717 548 mihi
758 506 994 568 quoque
1036 497 1094 550 et
1124 490 1328 553 Catulo
1368 498 1506 551 tuae
1548 491 1847 553 suavitatis
1889 491 2110 572 aliquid
2137 496 2462 576 impertias.

237 570 344 632 Sin
373 569 482 631 tibi
508 571 570 631 id
602 572 798 633 minus
826 571 1050 644 libebit,
1083 592 1204 635 non
1235 583 1294 635 te
1325 573 1554 652 urgebo
1575 592 1771 655 neque
1794 578 2175 651 committam,
2208 588 2288 652 ut,
2323 581 2463 644 dum

236 673 481 716 vereare
512 663 576 716 tu
605 674 681 716 ne
711 658 791 716 sis
818 658 1083 737 ineptuS,
1116 677 1213 719 me
1244 677 1372 720 esse
1401 658 1644 720 iudices.

407 740 559 800 Tum
586 739 747 810 ille,

779 741 903 820 Ego
933 742 1307 815 mehercule,
1348 744 1573 824 inquit,
1618 744 1857 816 Caesar,
1901 763 1974 806 ex
2004 747 2279 810 omnibus
2305 748 2466 812 Lati·
2500 760 2561 811 17

235 825 329 885 nis
370 822 566 885 verbis
607 823 782 886 huius
824 824 990 887 verbi
1028 829 1146 887 vim
1187 828 1279 888 vel
1320 829 1637 889 maximam
1679 846 1917 909 semper
1968 834 2186 910 putavi.
2274 832 2466 905 Quem

236 909 396 969 enim
437 926 548 969 nos
589 910 857 988 ineptum
897 928 1202 983 vocamuS‚
1244 914 1296 973 is
1326 913 1473 972 mihi
1505 911 1737 973 videtur
1766 912 1841 973 ab
1864 914 1979 975 hoc
2003 932 2224 978 nomen
2243 916 2465 980 habere

235 990 474 1054 ductu‘m
490 1040 506 1062 ‚
551 992 707 1072 quod
750 1011 873 1055 non
912 996 990 1056 sit
1029 1002 1228 1075 aptus,
1270 995 1450 1077 idque
1493 998 1559 1057 in
1597 999 1891 1059 sermonis
1932 1002 2122 1061 nostri
2152 1009 2465 1064 consuetu·

236 1077 375 1137 dine
413 1077 641 1157 perlate
679 1084 860 1157 patet.
949 1080 1097 1141 Nam
1138 1082 1241 1160 qui
1278 1087 1379 1142 aut
1419 1088 1652 1160 tempus
1680 1081 1823 1162 quid
1849 1082 2110 1161 postulet
2138 1103 2259 1147 non
2288 1086 2463 1158 videt,

235 1168 337 1222 aut
361 1161 534 1241 plura
561 1161 849 1242 loquitur,
882 1172 982 1225 aut
1011 1182 1074 1225 se
1104 1172 1360 1227 ostentat
1375 1213 1392 1236 ‚
1425 1173 1528 1226 aut
1555 1183 1792 1237 eorum,
1824 1166 2178 1247 quibuscum
2209 1178 2297 1231 est
2313 1218 2330 1241 ‚
2371 1172 2464 1232 vel

235 1246 537 1325 dignitatis
565 1246 658 1307 vel
687 1248 984 1309 commodi
1022 1251 1315 1312 rationem
1345 1268 1469 1310 non
1497 1249 1704 1321 habet,
1752 1257 1852 1312 aut
1880 1251 2134 1332 denique
2175 1256 2235 1315 in
2268 1254 2464 1335 aliquo

235 1348 457 1408 genere
501 1339 601 1392 aut
639 1333 1034 1395 inconcinnus
1082 1341 1183 1395 aut
1223 1333 1459 1395 multus·
1486 1342 1605 1404 est,
1657 1337 1709 1395 is
1758 1337 1997 1414 ineptus
2048 1355 2177 1399 esse
2229 1339 2484 1402 dicitur„

234 1415 363 1475 Hoc
395 1416 530 1476 vitio
563 1414 858 1478 cumulata
903 1426 993 1478 est
1022 1418 1417 1480 eruditissima
1454 1417 1557 1480 illa
1586 1419 1951 1480 Graecorum
1994 1423 2174 1483 natio.
2261 1424 2465 1504 Itaque
2500 1433 2563 1485 18

234 1500 393 1579 quod
422 1502 538 1560 vim
568 1500 743 1561 huius
769 1500 909 1562 mali
939 1503 1151 1564 Graeci
1179 1521 1300 1563 non
1329 1503 1558 1574 vident,
1602 1522 1679 1565 ne
1708 1519 1929 1564 nomen
1970 1505 2209 1585 quidem
2241 1508 2296 1568 ei
2327 1509 2464 1569 vitio

232 1586 661 1665 imposuerunt.
750 1586 827 1647 Ut
868 1587 1027 1647 enim
1067 1605 1318 1667 quaeras
1348 1589 1573 1658 omnia,
1616 1587 1914 1667 quomodo
1945 1589 2157 1650 Graeci
2194 1591 2463 1670 ineptum

234 1669 549 1749 appellent,
583 1688 703 1731 non
732 1672 1017 1750 reperies.
1081 1671 1361 1732 Omnium
1392 1678 1590 1733 autem
1619 1674 1996 1751 ineptiarum,
2027 1691 2178 1753 quae
2208 1682 2345 1736 sunt
2371 1677 2464 1736 in-

234 1752 649 1825 numerabiles,
680 1754 837 1816 haud
867 1757 991 1816 scio
1022 1774 1097 1816 an
1121 1755 1280 1817 nulla
1303 1757 1380 1817 sit
1400 1758 1606 1827 maior,
1638 1774 1833 1836 quam,
1867 1763 1932 1817 ut
1958 1755 2046 1817 illi
2074 1757 2286 1836 solent,
2317 1778 2464 1839 quo-

234 1857 486 1919 cumque
514 1840 575 1898 in
607 1838 758 1909 loco,
790 1858 1193 1920 quoscumque
1220 1842 1378 1901 inter
1408 1840 1681 1902 homines
1710 1842 1897 1902 visum
1922 1848 2029 1914 est,
2063 1842 2137 1904 de
2162 1843 2342 1904 rebus
2365 1853 2464 1907 aut

235 1922 597 1984 difficillimis
626 1931 725 1985 aut
755 1942 875 1984 non
905 1926 1256 1986 necessariis
1297 1926 1671 2004 argutissime
1703 1925 2021 2006 disputare.
2090 1927 2218 1988 Hoc
2245 1944 2357 1990 nos
2386 1928 2461 1988 ab

231 2008 359 2068 istis
389 2006 866 2070 adulescentibus
895 2008 1094 2069 facere
1124 2011 1291 2070 inviti
1321 2020 1381 2071 et
1408 2017 1755 2071 recusantes
1786 2010 1919 2071 heri
1950 2013 2139 2073 coacti
2179 2030 2400 2074 sumus.

351 2110 365 2121 ·
404 2093 556 2154 Tum
586 2092 935 2165 CATULUS,
969 2112 1045 2154 ne
1076 2094 1287 2154 Graeci
1315 2093 1586 2176 quidem,
1616 2096 1838 2175 inquit,
1871 2096 2109 2168 Crasse,
2153 2098 2259 2178 qui
2285 2099 2350 2158 in
2380 2099 2462 2158 ci·
2490 2094 2535 2166 5
2563 2108 2630 2160 19

231 2176 508 2239 vitatibus
536 2179 658 2239 suis
687 2177 832 2240 clari
861 2185 921 2239 et
947 2180 1150 2257 magni
1179 2178 1449 2252 fuerunt,
1494 2182 1667 2242 sicuti
1707 2188 1773 2241 tu
1812 2198 1876 2240 es
1906 2198 2131 2262 nosque
2162 2198 2369 2243 omnes
2396 2183 2461 2243 in

304 2357 368 2398 17.
405 2348 498 2397 Die
530 2346 798 2398 seheinbar
831 2348 1073 2414 zuffillige
1095 2350 1295 2399 Erorte-

232 2430 367 2480 rung
398 2416 490 2465 des
513 2416 730 2481 Begriffs
763 2431 865 2467 von
898 2416 1102 2481 ineptus
1135 2415 1307 2482 hangt

232 2484 326 2532 mit
367 2483 481 2532 dem
518 2482 922 2549 nachfolgenden
955 2482 1294 2549 Hauptthema

234 2551 354 2601 sehr
375 2566 544 2616 genau
569 2565 891 2610 zusammen,
928 2551 1099 2600 indem
1124 2566 1180 2600 es
1204 2565 1291 2600 so-

231 2619 427 2668 wolbei
439 2618 528 2667 der
548 2619 773 2668 inventio
798 2618 875 2667 als
900 2617 990 2667 der
1013 2618 1291 2674 collocatio,

150 2738 157 2743 ,
228 2688 286 2751 ja
305 2684 437 2736 auch
457 2684 547 2734 der
558 2685 798 2734 memoria
808 2698 931 2734 vorn
939 2683 1155 2734 ehmlich
1176 2685 1292 2735 dar-

233 2753 323 2804 auf
343 2753 629 2811 ankommt,
662 2752 784 2801 dass
808 2751 999 2801 iiberall
1023 2752 1106 2800 die
1129 2752 1289 2816 geho-

230 2822 376 2886 rigen
426 2818 721 2870 Schranken
778 2818 921 2868 recht
979 2818 1296 2884 eingehalten

231 2889 436 2939 werden
462 2888 569 2937 und
592 2886 733 2937 Alles
767 2902 862 2937 suo
894 2894 1147 2952 tempore,
1184 2887 1294 2938 loco

192 2945 486 3007 mine
509 2953 776 3020 geschehe.
1065 3006 1071 3012 ,

301 3026 356 3073 in
389 3025 558 3089 aliquo
588 3039 804 3088 genere,
850 3022 903 3072 in
937 3022 1118 3086 irgend
1152 3022 1294 3072 einer

235 3090 549 3156 Beziehung.

302 3162 497 3220 multus,
524 3159 614 3208 der
635 3174 698 3208 zu
708 3158 806 3208 viel
829 3158 1074 3208 schwfitzt
1093 3153 1153 3224 (S
1166 3156 1292 3221 358)

235 3242 288 3278 u.
309 3227 459 3276 dabei
476 3226 765 3276 fibertreibt.
792 3225 1099 3276 Plaut.Men.
1112 3227 1158 3275 11
1177 3226 1228 3287 2,
1241 3233 1292 3275 41

236 3293 336 3344 heu
359 3293 528 3344 hercle
550 3293 807 3343 hominem
832 3292 1049 3343 multum
1074 3302 1124 3341 et
1147 3295 1296 3343 odio-

236 3377 352 3413 sum
383 3360 525 3415 mihi,
561 3362 626 3410 de
650 3359 787 3425 legg.
822 3359 930 3422 12,
965 3368 989 3408 7
1035 3358 1140 3409 Sed
1173 3360 1297 3423 quid

236 3430 460 3480 Macrum
486 3442 746 3478 numerem
760 3428 785 3476 ⁶?
831 3427 978 3477 cuius
1013 3426 1297 3490 loquacitas

235 3496 390 3546 habet
412 3495 604 3559 aliquid
622 3495 960 3559 argutiarum3
986 3495 1034 3542 in
1058 3496 1296 3545 orationi·

237 3566 336 3615 bus
361 3571 533 3614 autem
556 3563 747 3612 multus
773 3570 823 3610 et
853 3561 1090 3627 ineptus;
1128 3561 1297 3624 elatio,

237 3646 438 3682 summa
459 3630 792 3696 impudentia.

306 3708 373 3750 18.
410 3701 683 3760 cumulata,
716 3698 812 3746 wie
835 3695 1023 3748 caecil.
1057 3710 1143 3762 ap.
1169 3697 1299 3750 Non.

240 3783 284 3818 c.
303 3768 337 3817 2
360 3765 512 3816 homo
532 3765 842 3831 ineptudinis
862 3764 1164 3827 cumulatus,
1192 3763 1302 3814 hier

238 3836 330 3883 mit
363 3833 668 3883 Nachdruck
703 3832 1081 3896 vorangestellt.
1128 3833 1301 3883 erudi·

239 3903 450 3965 tissima,
476 3899 794 3960 absiehtlich,
821 3915 941 3949 zum
959 3900 1154 3950 Beweis
1179 3900 1301 3950 dass

241 3969 323 4018 die
347 3969 559 4018 eruditio
595 3983 661 4017 an
685 3966 797 4017 sich
821 3981 910 4016 vor
932 3967 1303 4032 Taktlosigkeit

240 4036 349 4086 und
371 4034 713 4101 praktischem
725 4033 1044 4099 Ungeschick
1066 4035 1190 4085 aller
1208 4034 1304 4084 Art

241 4102 374 4153 noch
401 4101 538 4152 nicht
561 4101 780 4165 schiitzt,
806 4102 875 4150 im
893 4099 1189 4165 Gegentheil
1210 4103 1304 4151 mit

241 4171 360 4220 dem
384 4169 753 4220 Wissensstolz
778 4169 869 4220 des
894 4168 1186 4220 Doctrinirs
1208 4184 1302 4233 gar

240 4238 316 4289 oft
341 4239 635 4289 verbunden
660 4239 744 4289 ist.

348 4325 453 4372 cle.
480 4326 554 4369 DE
581 4325 752 4370 ORAT.
779 4327 821 4371 2.
848 4323 967 4369 Auss.

1463 2365 1642 2400 nomen
1651 2374 1709 2383 -—-
1723 2346 1943 2398 nfimlich
1956 2348 2144 2400 keiuen
2156 2352 2256 2401 den
2269 2351 2466 2417 Begriff

1393 2415 1736 2466 vollkommen
1748 2414 2428 2481 ersehopfendenAusdruck
2442 2457 2455 2482 ‚

1396 2484 1532 2534 denn
1556 2484 1726 2533 weder
1748 2472 1964 2543 ἄτοπος
1993 2484 2129 2538 ,ιιοοῑι
2165 2477 2454 2553 ἀσχήμων,

1395 2550 1527 2600 noch
1561 2542 1921 2617 ἀνάρμοστος
1965 2551 2300 2616 eutsprechen
2340 2553 2458 2603 dem

1389 2618 1478 2670 lat.
1513 2619 1718 2683 ineptus
1749 2617 1923 2682 vollig.
1973 2619 2041 2668 Es
2075 2618 2142 2668 ist
2174 2619 2303 2672 eben
2330 2621 2411 2671 ein
2432 2638 2458 2671 s

1394 2699 1494 2734 von
1515 2685 1614 2735 den
1634 2686 2096 2736 uniibersetzbaren
2107 2687 2341 2747 Worten‚
2367 2690 2460 2739 de·

1398 2766 1490 2801 ren
1517 2767 1571 2801 es
1596 2751 1815 2816 injeder
1839 2752 2064 2818 Sprache
2087 2755 2197 2818 gibt
2223 2771 2272 2806 u.
2301 2755 2459 2807 deren

1398 2818 1703 2884 Bedeutung
1735 2836 1831 2870 nur
1852 2820 2022 2871 ,durch
2059 2820 2288 2872 mehrere
2313 2822 2449 2874 Aus-

1399 2888 1589 2938 driicke
1602 2902 1896 2938 zusammen
1911 2889 2243 2940 verdeutlicht
2256 2892 2458 2942 werden

1397 2956 1557 3007 kann.
1796 2974 1800 2977 ’

1396 3058 1766 3175 ¹mirggptiaram
1793 3059 1810 3107 1
1828 3058 1913 3122 24,
1935 3066 2027 3112 111.
2051 3059 2307 3112 illisolent
2330 3061 2353 3112 1
2370 3061 2454 3124 22,

1464 3224 1526 3290 5,
1553 3235 1618 3276 19.
1659 3227 1867 3277 Catulus
1898 3227 2005 3276 tritt
2038 3226 2120 3276 fiir
2143 3229 2286 3278 seine
2309 3227 2454 3278 Grie-
2525 3229 2530 3233 ’

1398 3291 1528 3343 chen
1553 3290 1612 3360 (S
1636 3293 1725 3356 51)
1749 3293 1826 3342 als
1849 3292 2208 3359 Vertheidiger
2230 3295 2344 3345 auf:
2372 3296 2458 3346 die

1397 3374 1614 3425 grossen
1675 3359 2027 3425 griechischen
2075 3359 2459 3412 Staatsmfinner

1401 3427 1491 3478 der
1522 3427 1935 3493 Vergangenheit
1979 3442 2147 3477 waren
2196 3427 2329 3478 doch
2370 3444 2457 3478 an·

1399 3496 1523 3545 dere
1546 3495 1731 3553 Leute,
1767 3494 1844 3544 als
1868 3494 1953 3544 die
1977 3492 2223 3545 Griecheu
2249 3495 2339 3545 der
2363 3496 2461 3547 Ge-

1400 3573 1628 3628 genwart
1649 3562 1757 3611 und
1777 3562 1969 3612 liebten
1987 3560 2118 3611 doch
2135 3561 2281 3624 auch,
2307 3578 2456 3613 wenn

1402 3646 1458 3681 es
1475 3629 1560 3680 die
1571 3627 2004 3694 Staatsgeschfifte
2011 3638 2331 3695 gestatteten,
2346 3631 2458 3681 der-

1400 3696 1635 3763 gleicheu
1658 3696 1839 3746 freiere
1854 3695 2342 3747 wissenschaftliche
2352 3697 2457 3748 Un-

1399 3764 1776 3829 terhaltungen‚
1800 3764 1981 3814 sodass
1999 3763 2109 3815 sich
2118 3764 2229 3815 also
2240 3764 2457 3815 Crassus

1402 3832 1545 3882 nicht
1556 3849 1622 3883 zu
1633 3830 1873 3882 schamen
1888 3830 2113 3882 braucht.
2126 3848 2253 3883 ne-
2259 3834 2457 3898 quidem

1401 3901 1498 3950 wie
1518 3899 1673 3950 ofters
1694 3895 1748 3965 (S
1758 3897 1865 3961 81),
1891 3897 2023 3948 auch
2039 3898 2196 3951 nicht.
2223 3899 2316 3949 Die
2333 3901 2456 3949 sub·

1402 3967 1558 4018 tilitas
1583 3963 1638 4033 (S
1655 3966 1750 4030 28)
1776 3966 1866 4016 der
1885 3964 2111 4031 Spraohe
2134 3966 2227 4016 des
2247 3965 2458 4016 Catulus

1405 4035 1541 4100 zeigt
1562 4033 1672 4084 sich
1694 4033 1861 4098 gleich
1891 4033 1946 4083 in
1970 4034 2072 4083 den
2094 4035 2335 4084 betonten
2359 4031 2456 4083 Ge·
2519 4081 2522 4084 .

1402 4103 1686 4166 gensatzen
1698 4117 1714 4150 ε
1740 4101 1826 4164 qui
1840 4127 1904 4138 -
1916 4100 2123 4151 fuerunt
2131 4100 2237 4152 und
2253 4099 2455 4162 horum,

1399 4169 1453 4218 in
1486 4168 1777 4218 civitatibus
1804 4169 1914 4219 suis
1945 4167 2055 4219 und
2083 4168 2138 4219 in
2171 4178 2343 4220 nostra
2371 4183 2458 4218 re·

1395 4233 1622 4303 publica,
1649 4252 1702 4285 es
1729 4237 1835 4285 und
1861 4236 2093 4286 volumus
2118 4251 2252 4291 esso.

1970 4327 2046 4388 11
