2930 4693
538 190 661 255 316
1095 183 1193 247 DE
1226 183 1581 248 ORATORE
1623 184 1703 247 111
1744 182 1846 247 61.
1891 190 2203 246 225-227.

535 373 637 416 seo
667 353 1069 424 serviendum3
1115 354 1219 416 sed
1249 353 1394 416 illud
1424 356 1654 418 videtur
1695 354 1768 418 ab
1809 355 1986 418 huius
2016 355 2205 417 nostri
2230 353 2525 415 sermonis
2570 352 2762 414 officio

536 457 657 502 non
687 439 1043 511 abhorrere,
1084 439 1270 520 quod,
1314 447 1381 502 ut
1409 440 1532 504 dixi
1559 440 1758 523 paullo
1788 449 1956 512 ante,
2000 440 2273 522 plurimis
2300 441 2364 500 in
2393 438 2575 501 rebus
2604 439 2762 519 quod

532 526 786 588 maxime
818 532 910 587 est
935 523 1132 597 utile,·
1152 525 1212 586 id
1256 528 1456 588 nescio
1488 546 1605 609 quo
1633 535 1807 609 pacto
1843 528 2020 589 etiam
2052 526 2223 588 decet
2252 526 2525 586 maxime.
2613 524 2762 585 Nam

532 611 606 672 ad
634 628 840 673 vocem
869 609 1251 672 obtinendam
1295 610 1441 673 nihil
1473 619 1564 675 est
1591 612 1792 675 utilius
1822 630 1998 693 quam
2036 610 2249 673 crebra
2289 612 2567 679 mutatio;
2614 609 2763 670 nihil

400 712 503 765 225
531 697 923 776 perniciosius
952 714 1128 777 quam
1160 696 1340 758 effusa
1372 699 1501 760 sine
1541 699 1982 760 intermissione
2023 697 2344 758 contentio.
2445 695 2627 767 Quid,
2691 695 2761 755 ad

532 799 707 843 aures
736 789 970 844 nostras
1001 788 1061 843 et
1089 783 1336 844 actionis
1365 784 1709 845 suavitatem
1754 782 1894 865 quid
1939 790 2030 844 est
2055 781 2458 843 vicissitudine
2488 788 2546 841 et
2573 781 2763 840 varie-

527 874 649 928 tate
694 875 755 929 et
794 869 1255 930 commutatione
1299 868 1530 948 aptius?
1600 868 1804 949 ltaque
1844 868 2000 930 idem
2032 867 2362 937 Gracchus,
2407 865 2563 946 quod
2592 873 2765 944 potes

528 952 763 1025 audire,
796 952 1027 1024 Catule,
1072 971 1146 1014 ex
1173 953 1398 1014 Licinio
1430 952 1646 1016 cliente
1676 964 1806 1026 tuo,
1838 953 2097 1015 litterato
2126 952 2397 1024 homine,
2430 968 2603 1031 quem
2637 968 2764 1010 ser-

527 1056 665 1100 vum
694 1037 807 1099 sibl
835 1036 937 1099 ille
966 1037 1174 1100 habuit
1202 1038 1278 1100 ad
1304 1056 1576 1111 manum,
1622 1055 1756 1101 cnm
1800 1037 2121 1100 eburneola
2163 1036 2369 1097 solitus
2411 1042 2501 1097 est
2539 1034 2763 1096 habere

531 1121 753 1195 fistula,
785 1124 888 1203 qui
916 1130 1103 1185 staret
1131 1122 1360 1185 occulte
1388 1134 1525 1206 post
1552 1126 1776 1205 ipsum,
1819 1142 1953 1187 cum
1986 1125 2462 1193 contionaretur,
2504 1122 2762 1202 peritum

530 1208 865 1298 bominem,
910 1210 1012 1289 qui
1040 1209 1276 1271 inflaret
1306 1208 1584 1271 celeriter
1613 1228 1750 1272 eum
1779 1227 2022 1280 sonum,
2068 1226 2186 1289 quo
2224 1206 2390 1270 illum
2422 1213 2523 1268 aut
2551 1208 2762 1267 remis-

513 1309 659 1354 sum
689 1294 974 1356 excitaret
1003 1302 1104 1356 ant
1134 1312 1167 1356 a
1198 1296 1578 1357 contentione
1610 1303 1931 1358 revocaret.

693 1412 919 1485 Audivi,
950 1412 1321 1487 mehercule,
1352 1415 1547 1497 inquit
1574 1411 1931 1486 CATULUS,
1975 1422 2038 1476 et
2065 1432 2243 1494 saepe
2272 1419 2403 1475 sum
2435 1411 2762 1473 admiratus

524 1496 783 1561 hominis
812 1517 948 1561 cum
978 1498 1342 1580 diligentiam
1372 1506 1499 1562 tum
1531 1500 1708 1563 etiam
1739 1500 2069 1563 doctrinam
2101 1510 2160 1561 et
2189 1499 2515 1560 scientiam.

695 1618 822 1699 Ego
850 1637 1010 1691 vero,
1040 1619 1236 1699 inquit
1259 1615 1592 1692 CRASSUS,
1624 1638 1693 1682 ac
1725 1619 1897 1682 doleo
1927 1618 2168 1700 quidem
2191 1617 2326 1680 illos
2353 1618 2511 1678 viros
2538 1617 2601 1676 in
2624 1634 2758 1677 eam

525 1702 797 1766 fraudem
827 1705 890 1765 in
920 1722 987 1766 re
1016 1703 1252 1786 publica
1282 1723 1412 1767 esse
1442 1704 1747 1787 delapsos;
1792 1722 2148 1787 quamquam
2180 1722 2250 1767 ea
2291 1701 2409 1765 tela
2451 1703 2671 1763 texitur
2702 1709 2761 1762 et

524 1808 592 1850 ea
623 1790 901 1852 incitatur
929 1792 992 1850 in
1022 1791 1253 1853 civitate
1279 1792 1437 1853 ratio
1464 1791 1697 1853 vivendi
1726 1809 1795 1852 ac
1824 1791 2155 1871 posteritati
2178 1787 2528 1858 ostenditur,
2560 1794 2625 1848 ut
2656 1804 2758 1847 eo·

522 1892 657 1935 rum
688 1876 934 1945 civium,
979 1894 1129 1956 qnos
1174 1878 1362 1937 nostri
1399 1882 1601 1958 patres
1644 1894 1761 1939 non
1794 1875 2087 1946 tulerunt,
2130 1876 2248 1937 iam
2279 1872 2502 1938 similes
2531 1871 2757 1934 habere

521 1960 846 2040 cupiamus.
1480 1966 1497 1982 ⁶

688 2078 883 2149 Mitte,
926 2077 1208 2151 obsecro,
1251 2080 1473 2160 inquit,
1506 2082 1745 2153 Crasse,
1778 2077 2054 2151 IULIUS,
2097 2097 2436 2141 sermonem
2478 2079 2653 2139 istum
2700 2084 2758 2137 et

519 2163 966 2330 {glsstigfracchi
996 2162 1247 2227 fistulam
1278 2167 1457 2238 refer,
1502 2168 1669 2230 cuius
1700 2184 1811 2246 ego
1842 2165 2105 2228 nondum
2134 2164 2310 2246 plane
2340 2165 2631 2226 rationem
2662 2165 2757 2223 in·

807 2327 824 2355 Ι

350 2337 556 2443 61227,
687 2369 752 2431 In
796 2373 960 2434 omni
999 2390 1172 2442 voce,
1215 2373 1407 2453 inquit
1454 2368 1799 2445 CRASSUS,
1852 2379 1944 2436 est
1982 2372 2261 2454 quiddam
2303 2372 2595 2442 medium,
2647 2369 2756 2431 sed

394 1634 498 1686 226

520 2625 769 2677 aunachst
800 2626 945 2678 melu·
970 2626 1135 2679 Sache
1170 2629 1261 2679 der
1282 2628 1506 2679 Diiitetik
1530 2645 1584 2679 u.
1688 2629 1765 2680 als
1788 2627 2330 2679 Privatbibliothekare
2365 2629 2492 2679 oder
2526 2627 2603 2678 als
2639 2627 2755 2676 Pri-

518 2694 706 2745 Musik.
756 2695 927 2755 Quint.
954 2697 976 2747 1
1001 2695 1086 2761 10,
1108 2705 1160 2747 27
1183 2712 1281 2763 age
1304 2697 1350 2747 si
1373 2696 1582 2748 habebit
1689 2698 2034 2748 vatsekretare
2058 2697 2283 2749 dienten.

514 2763 749 2828 inprimis
795 2778 966 2815 curam
1012 2766 1155 2816 vocis
1199 2775 1395 2828 orator,
1460 2765 1585 2828 qnid
1755 2766 2031 2817 eburneola
2047 2767 2238 2830 fistula,
2265 2765 2406 2816 ‘tibia
2430 2766 2753 2814 contionato-

518 2838 622 2880 tam
646 2835 861 2883 musices
882 2833 1166 2900 proprium.
1685 2834 1805 2893 ria‚'
1842 2826 2210 2899 φωνασκικὸν
2240 2823 2491 2900 ὄργανον
2534 2820 2580 2900 ᾧ
2618 2823 2755 2891 τοὺς

1686 2892 1990 2969 φθόγγους.-
2012 2891 2482 2985 ιιῖιυαβιβοέζοίκῐι.νἓ
2505 2903 2630 2952 oder
2653 2914 2751 2951 συ·

1685 2970 1912 3037 ρίγγιον
1934 2960 1980 3022 ὦ
2003 2966 2110 3036 τὴν
2134 2986 2337 3036 φωνην
2365 2964 2427 3021 οἱ
2448 2965 2754 3036 αρμονικοὶ

1680 3032 1890 3118 σχολήν
1924 3026 2019 3090 ἔπ’
2055 3032 2358 3106 ἀμφότερα
2392 3033 2497 3089 διὰ
2521 3036 2637 3090 τῶν
2658 3030 2755 3095 τό,ο

1681 3123 1799 3158 νων
1822 3121 2083 3173 αγουσιν.
2122 3120 2166 3157 s·
2190 3108 2297 3157 ind.
2325 3106 2381 3159 G.
2405 3105 2684 3157 Gracchus.

1749 3200 1842 3241 226.
1881 3191 1997 3258 Eoo
2020 3207 2142 3243 vero
2167 3206 2240 3245 sc.
2265 3191 2548 3241 admiratus
2572 3206 2706 3242 sum.

572 2934 802 2998 equidem
819 2949 1019 3014 censeo,
1041 2935 1156 3015 eine
1172 2934 1582 3016 parenthetiscbe

503 2998 1579 3138 ’ξίίξιϊιιιῗῐῖἔῗῗὶἑιεὲὓὲἱοξιὲεειὲξιθὲἒιξὲξῆξέἑ

516 3136 702 3187 darauf
746 3154 810 3188 zu
851 3139 1155 3189 verwenden
1202 3139 1285 3193 ist.
1365 3148 1421 3191 ut
1464 3142 1584 3192 dixi

436 3279 440 3283 .
508 3208 687 3269 paullo
710 3213 847 3264 ante,
872 3204 904 3273 S
933 3205 1048 3261 178.

582 3309 656 3359 ad
687 3308 930 3360 obtinenti
1016 3345 1032 3369 ,
1090 3325 1156 3359 zu
1201 3311 1578 3362 conservieren.

513 3377 660 3437 idem,
688 3377 872 3428 dessen
894 3392 923 3428 o
964 3393 1043 3441 en,
1069 3374 1236 3445 8214,
1255 3378 1582 3446 Erwiibnung

512 3444 701 3509 gethan
725 3446 809 3496 ist.
859 3445 1032 3507 Quint.
1058 3447 1079 3495 1
1109 3445 1187 3509 10,
1214 3455 1265 3496 27
1289 3456 1346 3497 ut
1369 3461 1471 3498 uno
1498 3449 1579 3497 in—

513 3513 662 3563 terim
721 3516 944 3564 contenti
1010 3515 1172 3565 simus
1232 3515 1468 3581 exemplo
1520 3515 1576 3566 C.

513 3578 744 3645 Gracchi,
770 3583 1032 3648 praecipui
1056 3596 1265 3633 snorum
1290 3592 1577 3650 temporum

515 3650 757 3709 oratoris,
807 3651 889 3701 cui
931 3651 1244 3701 contionanti
1290 3653 1579 3702 consistens

511 3726 631 3795 post
654 3728 770 3766 eum
794 3720 1049 3778 musicus,
1085 3718 1284 3779 fistula,
1310 3734 1462 3782 quam
1488 3734 1579 3771 το·

511 3800 715 3849 vocotus·
738 3795 939 3849 vocant,
974 3787 1176 3846 modos,
1209 3788 1394 3851 quibus
1421 3789 1576 3839 debe·

509 3861 589 3902 ret
610 3855 822 3913 intendi,
848 3855 1182 3906 ministrabat.
1231 3855 1366 3905 Haec
1390 3857 1435 3905 ei
1454 3871 1577 3907 cnra

510 3922 643 3972 inter
673 3922 1050 3974 turbidissimas
1094 3924 1321 3974 actiones
1355 3924 1438 3974 vel
1473 3935 1576 3974 ter-

511 3990 642 4039 renti
668 3991 938 4056 optimates
962 3991 1044 4041 vel
1069 3992 1169 4042 iam
1192 3992 1389 4043 timenti
1414 3993 1529 4043 fuit.

577 4100 672 4142 225.
708 4107 903 4143 servum
925 4094 1000 4144 ad
1016 4109 1227 4154 manum,
1262 4094 1388 4144 oder
1409 4109 1441 4143 a
1464 4109 1575 4144 ma-

512 4172 610 4221 nu,
635 4173 993 4224 amanuenses,
1018 4163 1080 4212 ab
1108 4161 1356 4228 epistolis,
1383 4162 1572 4213 librarii

511 4225 580 4274 ad
610 4239 817 4278 manum
850 4227 1058 4279 hiessen
1093 4230 1177 4280 die
1208 4228 1455 4294 Sclaven,
1491 4232 1575 4281 die

1746 3260 2005 3325 fraudem,
2032 3262 2054 3310 1
2076 3258 2128 3320 9,
2152 3267 2219 3311 38.

1752 3344 1816 3380 ea
1835 3331 1937 3380 tela
1961 3330 2158 3379 texitur·
2189 3354 2257 3364 —-
2291 3327 2421 3378 nach
2449 3328 2595 3377 einer
2618 3326 2751 3378 auch

1685 3412 1783 3447 uns
1800 3396 2089 3462 geliiuflgen
2102 3395 2365 3463 Metapher
2382 3410 2485 3447 von
2500 3397 2617 3446 dem
2634 3397 2755 3446 Ein-

1684 3465 1861 3530 scblag
1884 3465 1975 3515 des
2002 3465 2200 3515 Fadens
2234 3466 2285 3514 in
2313 3466 2392 3514 ein
2418 3463 2642 3515 Gewebe
2665 3462 2759 3513 auf

1683 3533 1768 3583 die
1815 3532 2149 3584 bedenkliche
2183 3532 2373 3583 Politik
2418 3534 2750 3598 iibertragen‚

1683 3601 1768 3651 die
1791 3616 1911 3651 man
1936 3601 2132 3652 damals
2167 3617 2232 3652 zu
2256 3600 2491 3667 befolgen
2519 3599 2751 3666 anfleng.

1647 3723 1651 3727 .
1750 3685 1905 3738 Mitte
1940 3696 2035 3736 etc.
2108 3685 2265 3736 Gfisar
2297 3685 2397 3735 will
2434 3685 2519 3735 die
2553 3685 2755 3736 heitere

1683 3754 1972 3821 Stimmung
2006 3753 2147 3806 nicht
2179 3752 2336 3804 durch
2363 3755 2461 3803 den
2487 3752 2637 3803 Blick
2661 3752 2760 3802 anf

1682 3824 1777 3873 das
1811 3822 2081 3889 politische
2103 3822 2286 3872 Misere
2320 3821 2410 3871 der
2443 3822 2757 3888 Gegenwart

1679 3892 1882 3956 getriibt
1905 3891 2112 3942 wissen.
2159 3890 2288 3939 Eiul.
2315 3891 2336 3939 1
2362 3887 2393 3956 S
2424 3887 2503 3940 16.

1747 3957 1830 4019 61,
1855 3967 1948 4010 227.
1985 3960 2223 4025 quiddam
2244 3960 2456 4009 medium
2479 3966 2577 4008 etc.
2616 3959 2755 4008 Jede

1680 4025 1895 4077 Stimme
1914 4026 2000 4077 hat
2016 4026 2158 4076 ihren
2171 4024 2596 4092 eigentt‘imlicben
2613 4027 2757 4076 mitt·

1679 4095 1815 4144 leren
1842 4096 1969 4145 oder
1991 4093 2281 4154 Grundton,
2319 4109 2422 4144 von
2448 4095 2566 4144 dem
2589 4097 2673 4145 sie
2697 4095 2754 4144 in

1680 4162 1771 4213 der
1794 4161 1949 4213 Skala
1984 4162 2186 4214 hinauf-
2230 4163 2352 4213 oder
2385 4162 2755 4228 herabsteigen

1679 4233 1834 4282 kann.
2072 4231 2078 4239 '
