2930 4693
876 215 974 278 DE
1006 215 1360 279 ORATORE
1389 215 1442 278 11
1479 215 1574 278 16.
1604 223 1846 278 66-68.
2350 224 2475 287 119

244 383 477 455 litibus,
519 401 671 464 quae
713 384 777 444 in
819 382 1344 447 deliberationibus
1382 392 1723 456 versantur;
1784 384 1988 457 addat,
2040 388 2089 446 si
2129 388 2260 467 quis
2299 388 2471 457 volet,

245 471 424 531 etiam
455 431 854 536 laudationes:
887 468 1170 542 alterum,
1214 469 1371 548 quod
1402 469 1702 568 appellant
1730 488 1937 532 omnes
1972 432 2101 532 lere
2132 474 2471 552 scriptoreS‚

245 552 499 633 explicat
544 572 747 624 nemo,
799 554 1089 615 infinitam
1141 554 1379 634 generis
1427 556 1557 616 sine
1607 561 1878 635 tempore
1931 563 1989 615 et
2039 557 2167 616 sine
2218 575 2472 635 persona

245 639 671 718 quaestionem.
743 638 870 699 Hoc
911 638 1052 718 quid
1098 645 1159 699 et
1199 644 1485 718 quantum
1525 640 1629 710 sit,
1673 657 1808 700 cnm
1853 639 2083 709 dicunt,
2125 639 2472 720 intellegere

243 722 394 783 mihi
424 740 541 783 non
574 721 864 784 videntur.
926 724 991 783 Si
1033 724 1193 783 enim
1224 729 1314 783 est
1341 725 1624 797 oratoris,
1669 741 2072 804 quaecumque
2112 741 2211 786 res
2245 726 2471 787 infinite
2500 737 2570 789 66

243 802 433 889 posita
465 809 565 876 sit,
612 806 684 866 de
727 824 794 867 ea
841 824 1016 886 posse
1047 806 1277 876 dicere,
1328 806 1645 869 dicendum
1688 809 1802 868 erit
1839 808 1921 878 ei,
1971 816 2186 888 quanta
2228 811 2304 870 sit
2332 810 2473 872 solis

244 882 617 969 magnitudo,
650 909 800 989 quae
831 891 1024 952 forma
1054 898 1279 962 terrae;
1324 890 1399 952 de
1429 893 1889 968 mathematicis,
1923 891 1995 953 de
2025 893 2264 954 musicis
2294 895 2473 956 rebus

245 994 367 1036 non
407 976 627 1054 poterit
653 977 799 1054 quin
842 974 994 1036 dicat
1034 977 1152 1037 hoc
1181 993 1363 1037 onere
1405 983 1681 1057 suscepto
1722 994 2019 1038 recusare.
2091 978 2356 1058 Denique
2399 981 2471 1048 ei,

243 1061 347 1140 qui
375 1060 686 1139 profitetur
716 1077 845 1120 esse
875 1079 1045 1121 suum
1078 1078 1198 1121 non
1229 1060 1419 1122 solum
1451 1061 1526 1122 de
1557 1062 1641 1122 eis
1671 1062 2108 1133 controversiis,
2142 1080 2292 1141 quae
2321 1070 2470 1124 tem-

242 1143 490 1223 poribus
520 1152 579 1204 et
606 1145 878 1223 personis
906 1150 1141 1206 notatae
1170 1152 1334 1216 sunt,
1380 1146 1495 1207 hoc
1526 1152 1644 1216 est,
1690 1145 1764 1206 de
1805 1146 2079 1207 omnibus
2119 1146 2470 1218 forensibuS,

244 1227 352 1290 sed
383 1230 557 1291 etiam
590 1228 664 1289 de
695 1246 980 1307 generum
1011 1229 1256 1290 infinitis
1284 1230 1729 1309 quaestionibus
1760 1230 1987 1301 dicere,
2022 1230 2247 1293 nullum
2280 1239 2473 1311 potest

244 1331 374 1373 esse
421 1330 606 1391 genus
657 1314 966 1386 orationiS,
1009 1313 1166 1394 quod
1206 1315 1282 1375 sit
1324 1322 1656 1395 exceptum.
1746 1314 1864 1375 Sed
1910 1316 1961 1375 si
2001 1313 2162 1377 illam
2207 1334 2443 1396 quoque
2469 1312 2549 1385 16
2571 1324 2639 1376 67

243 1404 475 1476 partem
506 1398 914 1477 quaestionum
946 1398 1169 1459 oratori
1198 1396 1467 1463 volumus
1508 1398 1832 1477 adiungere
1873 1415 2079 1476 vagam
2121 1408 2180 1460 et
2220 1400 2470 1463 liberam

246 1489 308 1542 et
336 1480 451 1542 late
480 1488 813 1561 patentem,
856 1489 921 1542 ut
949 1482 1024 1543 de
1053 1482 1235 1544 rebus
1263 1482 1436 1544 bonis
1476 1490 1577 1544 aut
1605 1482 1805 1554 maliS,
1849 1483 2224 1563 expetendis.
2236 1493 2338 1546 aut
2378 1485 2470 1546 fu-

245 1566 493 1644 giendiS,
526 1566 789 1627 honestis
818 1574 919 1627 aut
945 1566 1237 1648 turpibus,
1268 1567 1511 1629 utilibus
1534 1575 1635 1629 aut
1662 1531 1986 1637 inutilibus,
2020 1567 2093 1629 de
2124 1569 2364 1639 virtute,
2398 1569 2471 1630 de

244 1652 500 1721 iustitia,
546 1651 619 1711 de
650 1651 1041 1723 continentia,
1092 1651 1165 1713 de
1194 1651 1537 1731 prudentia,
1586 1652 1659 1714 de
1688 1651 2093 1731 magnitudine
2135 1654 2346 1721 animi,
2396 1652 2469 1714 de

206 1756 213 1761 ·
246 1734 625 1807 liberalitate,
658 1734 732 1795 de
760 1736 1008 1815 pietate,
1042 1735 1116 1797 de
1145 1737 1428 1808 amicitia,
1483 1736 1556 1798 de
1584 1736 1733 1808 fide,
1765 1738 1839 1798 de
1869 1736 2093 1804 officio,
2141 1726 2213 1798 de
2256 1739 2472 1798 ceteris

245 1819 559 1881 virtutibus
589 1820 1018 1898 contrariisque
1046 1821 1200 1881 vitiis
1242 1820 1556 1882 dicendum
1601 1822 1824 1883 oratori
1862 1829 2168 1902 putemus,
2211 1823 2470 1902 itemque

247 1904 320 1965 de
350 1923 416 1964 re
445 1902 699 1983 publica,
732 1903 851 1964 de
837 1906 1106 1983 imperio,
1141 1903 1212 1965 de
1243 1923 1310 1965 re
1339 1905 1610 1979 militari,
1644 1905 1717 1967 de
1748 1905 2053 1986 disciplina
2085 1907 2362 1978 civitam,
2396 1906 2470 1967 de

244 1989 552 2049 hominum
584 1987 878 2049 moribus:
912 1988 1288 2051 adsumamus
1318 2008 1448 2051 eam
1481 2008 1716 2071 quoque
1744 1999 2005 2071 partem,
2039 1991 2142 2051 sed
2173 1993 2270 2061 ita,
2303 1999 2369 2053 ut
2396 1992 2472 2052 sit

246 2073 691 2152 circumscripta
722 2073 969 2134 modicis
999 2073 1358 2152 regionibus.
1419 2075 1708 2156 Equidem
1738 2076 1955 2145 omnia,
1990 2094 2140 2155 quae
2168 2077 2470 2156 pertinent
2498 2083 2567 2135 68

245 2158 319 2218 3(1
350 2176 522 2219 usum
553 2159 784 2228 civium,
816 2176 1045 2219 morem
1082 2159 1408 2230 hominum,
1441 2177 1592 2239 quae
1621 2167 1930 2221 versantur
1951 2160 2014 2220 in
2045 2160 2469 2221 consuetudine

244 2245 425 2314 vitae,
457 2244 520 2303 in
550 2244 777 2303 ratione
816 2244 905 2302 rei
933 2242 1235 2321 publicae,
1277 2246 1341 2304 in
1372 2245 1485 2305 hac
1516 2246 1795 2306 societate
1824 2243 2007 2314 civili,
2050 2245 2114 2305 in
2145 2262 2321 2305 sensu
2362 2244 2468 2304 ho-

244 2328 422 2388 minis
450 2327 713 2398 comuni,
745 2329 804 2388 in
839 2334 1063 2399 natura,
1093 2330 1159 2389 in
1189 2328 1471 2400 moribus,
1506 2328 2064 2409 comprehendenda
2095 2348 2223 2391 esse
2247 2330 2469 2390 oratori

244 2420 421 2494 puto;
473 2413 523 2473 si
565 2412 790 2482 minus,
839 2421 905 2473 ut
945 2415 1261 2493 separatim
1305 2414 1379 2475 de
1421 2414 1516 2475 his
1553 2414 1736 2476 rebus
1773 2413 2258 2514 philosophorum
2301 2432 2470 2475 more

244 2496 634 2576 respondeat,
668 2504 728 2557 at
756 2505 946 2567 certe,
986 2504 1053 2558 ut
1081 2499 1143 2558 in
1173 2516 1347 2559 causa
1376 2498 1704 2578 prudenter
1729 2501 1915 2579 possit
1954 2500 2250 2567 intexere;
2308 2498 2470 2559 hisce

245 2589 443 2643 autem
471 2582 615 2660 ipsis
645 2580 718 2642 de
748 2580 928 2643 rebus
956 2588 1023 2643 ut
1049 2583 1131 2643 ita
1160 2582 1451 2663 loquatur,
1483 2585 1571 2643 uti
1601 2584 1672 2653 ei,
1707 2585 1808 2662 qui
1836 2585 1994 2653 iura,
2028 2584 2129 2663 qui
2157 2581 2335 2660 leges,
2367 2583 2470 2662 qui

244 2668 508 2727 civitates
538 2667 995 2736 constituerunt,
1041 2665 1221 2729 locuti
1259 2674 1426 2738 sunt,
1473 2666 1820 2747 simpliciter
1862 2674 1922 2728 et
1960 2665 2266 2746 splendide
2280 2715 2296 2738 ,
2341 2668 2469 2726 sine

242 2750 362 2812 ulla
405 2752 561 2813 serie
615 2750 1077 2833 disputationum
1128 2759 1188 2813 et
1237 2753 1367 2814 sine
1408 2752 1609 2813 ieiuna
1650 2752 2090 2815 concertatione
2132 2750 2466 2813 verborum.

2677 1286 2698 1315 λ

256 2975 259 2976 ’
309 2981 378 3024 66.
426 2977 657 3032 notatae,
694 2970 781 3022 Or.
814 2978 945 3037 part.
974 2969 1065 3034 18,
1095 2969 1161 3022 61
1204 2971 1305 3023 duo

242 3048 365 3090 sunt
388 3040 743 3101 quaestionum
765 3053 970 3104 genera,
995 3054 1211 3102 quorum
1233 3040 1308 3091 al-

240 3117 425 3169 terum,
448 3106 649 3157 finitum
665 3107 980 3172 temporibus
1003 3115 1054 3157 et
1071 3109 1306 3174 personis

241 3190 449 3225 causam
494 3174 726 3240 appello,
774 3174 987 3224 alterum
1033 3174 1305 3237 infinitum,

243 3242 398 3293 nullis
422 3257 588 3305 neque
612 3243 874 3307 personis,
911 3256 1075 3304 neque
1104 3250 1303 3308 tempo-

1475 2973 1529 3021 in
1550 2972 1911 3023 consuetudine
1931 2974 2081 3035 vitae,
2106 2972 2160 3022 in
2184 2973 2282 3023 den
2303 2973 2469 3023 socia-

1406 3040 1491 3090 len
1515 3039 1920 3090 Verhfiltnissen.

1474 3113 1526 3157 in
1548 3109 1749 3159 ratione
1773 3110 1922 3173 reip„
1948 3109 2000 3158 in
2022 3108 2111 3158 der
2120 3107 2367 3174 Ordnung
2378 3107 2470 3157 des

1407 3175 1716 3241 politischen
1739 3175 1956 3226 Lebens.

1472 3246 1528 3293 in
1549 3244 1649 3294 leae
1678 3245 1923 3294 societate
1954 3244 2109 3306 civili,
2149 3243 2202 3292 in
2237 3243 2351 3292 dem
2379 3243 2467 3292 be-

240 3312 385 3360 ribus
396 3317 618 3361 notatum
630 3310 949 3376 propositum
962 3324 1103 3361 voco.
1115 3308 1199 3372 30,
1212 3319 1303 3360 106.

314 3392 395 3454 16,
415 3401 484 3443 67.
567 3394 897 3457 vacationum,
944 3394 1034 3444 der
1065 3394 1217 3444 Ethik
1251 3410 1303 3443 u.

237 3459 506 3579 {8¹:321ng
532 3409 614 3523 35,
638 3461 729 3523 68).
762 3488 831 3498 —
870 3461 1106 3524 liberam,
1143 3464 1304 3511 unbe-

308 3597 518 3647 modieis
584 3596 896 3661 νερίοηίῠιιε,
968 3596 1151 3646 sodass
1220 3597 1305 3646 die
1382 3642 1390 3649 .

242 3661 567 3713 Grenzlinien
615 3662 757 3713 nicht
804 3679 869 3714 zu
910 3664 1030 3713 weit
1073 3677 1303 3728 gezogen

240 3729 468 3790 werden,
505 3730 614 3781 also
645 3738 796 3781 unter
827 3730 1184 3796 verniinl'tigen
1214 3732 1306 3780 Be-

241 3767 636 3863 εοιιιὸιιὶῖιιιιςοιι
660 3798 817 3849 oder
803 3814 857 3849 m
880 3800 1037 3851 miissi
1076 3813 1156 3848 em
1182 3798 1305 3850 Um-

240 3864 380 3929 t'ang.
429 3866 838 3931 circumcripta,
878 3884 932 3934 p.
959 3868 1112 3920 Arc.
1139 3866 1220 3928 11,
1255 3875 1306 3916 29

241 3933 428 3993 quibus
461 3933 758 3998 regionibus
791 3935 926 3985 vitae
957 3936 1177 4001 spatium
1208 3935 1306 3984 cir-

239 4000 608 4066 cumscriptum
634 4009 730 4051 est.

308 4091 378 4134 68.
414 4085 490 4134 ad
507 4099 648 4135 namn
670 4086 862 4149 civium,
891 4100 1008 4135 zum
1034 4084 1305 4136 Untertha-

240 4151 562 4209 neubi-auem
616 4152 719 4201 ihm
764 4152 1043 4219 entspricht
1082 4152 1305 4204 hernach

238 4220 295 4268 in
318 4220 514 4267 ratione
539 4220 737 4285 reipub.
765 4237 815 4270 u.
842 4221 1084 4271 societate
1107 4222 1263 4272 civili.

1406 3311 1625 3361 sondern
1663 3310 2089 3370 Staatsverband,
2133 3310 2185 3360 in
2230 3310 2347 3360 dem
2380 3311 2471 3358 wir

1401 3378 1531 3441 jetzt
1557 3379 1725 3428 leben.

1471 3447 1527 3495 in
1558 3461 1709 3497 sensu
1740 3445 1951 3495 hominis
1982 3445 2247 3506 communi,
2293 3444 2346 3493 in
2380 3444 2471 3493 der

1405 3511 2080 3578 allgemein-menschlichen
2100 3511 2274 3561 Denk-
2299 3527 2353 3563 ιι.
2367 3511 2471 3560 An-

1404 3578 1875 3645 schanungsweise.

1472 3665 1527 3714 t‘n
1558 3671 1773 3723 natura,
1806 3664 1872 3713 in
1884 3663 1981 3712 den
2007 3662 2342 3729 allgemeinen
2376 3677 2466 3720 na-

1405 3731 1653 3782 tiirlichen
1688 3702 2107 3782 Verbaltnissen.
2147 3736 2199 3780 in
2233 3730 2468 3790 mov-iba&

1406 3801 1457 3848 in
1486 3800 1585 3849 den
1605 3798 2466 3864 mannigfaltigenfflstimmungeu
2499 3871 2504 3876 .

1407 3868 1500 3917 der
1521 3865 1877 3917 wechselnden
1900 3865 2247 3918 Volkscnltur.

1469 3968 1497 4002 ε
1535 3952 1766 4011 landate,
1814 3949 1972 3999 friscli
2019 3963 2072 3999 u.
2121 3949 2359 4014 lebendig
2403 3976 2470 3986 —

1406 4027 1486 4069 ste
1524 4027 1544 4067 t
1589 4019 1680 4069 der
1721 4019 1892 4068 ieiuna
1933 4018 2239 4068 concertatio
2288 4020 2466 4069 verbo-

1404 4101 1547 4148 rum,
1571 4086 1667 4135 wie
1690 4085 2013 4152 simpliciter,
2051 4083 2248 4134 einfnch
2275 4101 2326 4135 u.
2352 4102 2468 4135 ver—

1405 4152 1685 4213 stiindlich,
1733 4154 1824 4203 der
1868 4154 2026 4203 series
2067 4152 2469 4218 disputationum

1406 4230 1674 4287 entgegen.
