2930 4693
968 165 1068 229 DE
1098 163 1454 228 ORATORE
1483 165 1510 227 Ι
1539 165 1640 226 40.
1677 171 1982 225 182-184.
2512 173 2596 236 63

356 345 532 418 atque
564 335 965 407 consularem,
1010 354 1146 398 cum
1177 353 1313 398 eum
1342 341 1592 415 propter
1634 333 1913 397 invidiam
1946 335 2291 398 Numantini
2332 336 2595 400 foederis

354 430 526 504 pater
553 427 821 502 patratus
851 440 925 483 ex
950 422 1009 483 S.
1026 421 1093 484 C.
1115 420 1491 482 Numantinis
1521 419 1845 481 dedidisset
1875 437 2129 500 eumque
2158 419 2246 480 illi
2275 439 2397 483 non
2425 441 2592 484 rece-

354 509 580 588 pissent
619 513 942 587 posteaque
972 506 1279 568 Mancinus
1310 505 1553 567 domum
1582 505 1909 566 revenisset
1957 523 2152 585 neque
2202 506 2265 566 in
2319 513 2588 569 senatum

357 593 609 655 introire
651 590 1009 662 dubitasset,
1027 630 1042 643 ,
1059 591 1124 652 Ρ.
1158 589 1440 661 Rutilius,
1496 590 1572 653 M.
1604 589 1787 661 filius,
1841 587 2116 651 tribunus
2144 588 2368 670 plebiS,
2421 593 2591 653 iussit

357 677 545 748 educi,
579 677 735 757 quod
760 695 897 738 eum
919 677 1107 737 civem
1137 681 1383 755 negaret
1406 693 1567 747 esse;
1600 676 1736 755 quia
1765 676 2054 736 memoria
2085 676 2172 735 sic
2202 682 2361 737 esset
2387 675 2591 756 prodi·-

241 830 248 841 ,
355 769 512 833 tum,
545 780 724 843 quem
753 767 923 841 pater
952 779 1094 822 suus
1133 767 1235 822 aut
1274 757 1530 841 populus
1571 759 1933 823 vendidisset
1974 766 2074 821 aut
2113 766 2283 839 pater
2323 767 2590 840 patratus

356 845 704 917 dedidisset,
748 847 805 907 ei
846 843 1075 907 nullum
1106 863 1238 906 esse
1265 844 1723 925 postliminium:
1769 862 1947 925 quam
1975 862 2292 925 possumus
2319 849 2590 925 reperire
2621 848 2720 902 182

355 951 428 996 ex
450 931 726 994 omnibus
755 930 935 993 rebus
952 928 1225 991 civilibus
1248 947 1487 992 causam
1512 930 2073 1010 contentionemque
2096 930 2385 991 maiorem
2415 950 2593 1010 quam

355 1017 429 1079 de
460 1016 670 1078 ordine
684 1064 701 1087 ,
755 1016 829 1077 de
859 1015 1121 1086 civitate,
1176 1013 1250 1076 de
1277 1013 1581 1085 libertate,
1626 1014 1700 1075 de
1731 1017 1923 1095 capite
1953 1015 2212 1076 hominis
2243 1013 2587 1086 consulariS,

353 1102 706 1183 praesertim
748 1119 884 1163 cum
913 1100 1061 1161 haec
1091 1116 1214 1161 non
1251 1100 1318 1160 in
1357 1100 1611 1161 crimine
1641 1098 1869 1180 aliquo,
1916 1098 2076 1180 quod
2103 1098 2204 1160 ille
2232 1106 2434 1180 posset
2460 1100 2592 1161 infi-

246 1223 252 1228 -
352 1187 516 1258 tiari,
548 1185 748 1247 sedin
774 1184 931 1247 civili
960 1187 1090 1246 iure
1119 1184 1508 1246 consisteret?
1567 1183 1874 1264 Similique
1918 1185 1983 1245 in
2012 1202 2261 1263 genere,
2307 1184 2594 1246 inferiore

352 1271 591 1341 ordine,
643 1272 696 1332 si
747 1271 879 1351 quis
929 1270 1086 1349 apud
1136 1286 1247 1332 nos
1291 1270 1571 1331 servisset
1618 1287 1692 1331 ex
1732 1267 1951 1349 populo
1994 1268 2301 1331 foederato
2343 1288 2593 1350 seseque

352 1356 698 1427 liberasset,
743 1363 804 1417 et
831 1361 1037 1436 postea
1069 1354 1311 1416 domum
1339 1355 1695 1424 revenisset,
1740 1355 2071 1433 quaesitum
2098 1361 2189 1416 est
2217 1354 2372 1434 apud
2402 1356 2588 1417 maio-

352 1459 452 1503 res
482 1446 749 1511 nostros,
793 1457 939 1501 num
979 1440 1031 1500 is
1061 1439 1136 1501 ad
1166 1458 1305 1502 suos
1332 1437 1700 1519 postliminio
1729 1437 1985 1500 redisset
2023 1445 2085 1500 et
2114 1440 2408 1501 amisisset
2435 1440 2592 1502 hanc

355 1526 669 1587 civitatem.
752 1524 944 1596 Quid?
996 1523 1070 1584 de
1100 1524 1405 1595 libertate,
1451 1543 1570 1604 quo
1611 1522 1897 1585 iudicium
1936 1524 2172 1601 gravius
2202 1543 2330 1585 esse
2360 1523 2590 1587 nullum
2624 1541 2721 1595 183

351 1617 572 1690 potest,
627 1627 827 1670 nonne
858 1628 932 1670 ex
959 1610 1092 1670 iure
1122 1608 1280 1670 civili
1307 1615 1504 1688 potest
1545 1626 1675 1670 esse
1706 1609 2007 1669 contentio
2022 1655 2040 1678 ,
2099 1627 2236 1669 cum
2264 1611 2588 1689 quaeritur,

349 1697 401 1756 is
417 1743 434 1767 ,
489 1696 590 1775 qui
621 1694 846 1756 domini
873 1693 1174 1755 voluntate
1205 1712 1418 1755 census
1447 1695 1554 1764 sit,
1611 1694 1972 1756 continuone
1987 1739 2002 1764 ,
2035 1712 2142 1764 an,
2194 1693 2297 1756 ubi
2335 1694 2589 1756 lustrum

351 1781 428 1841 sit
458 1779 792 1851 conditum,
823 1778 978 1839 liber
1008 1780 1125 1840 sit?
1172 1778 1355 1850 Quid,
1389 1778 1549 1858 quod
1577 1795 1691 1840 usu
1719 1779 2009 1840 memoria
2037 1784 2278 1858 patrum
2306 1780 2493 1849 venit,
2525 1786 2593 1840 ut

349 1863 803 1945 paterfamilias,
837 1866 1034 1944 quiex
1063 1863 1346 1944 Hispania
1371 1863 1624 1926 Romam
1654 1864 1938 1935 venisset,
1971 1882 2107 1926 cum
2138 1881 2385 1926 uxorem
2415 1882 2590 1945 prae-

350 1957 632 2028 gnantem
661 1949 725 2009 in
754 1949 1058 2029 provincia
1086 1947 1425 2029 reliquisset
1447 1949 1791 2029 Romaeque
1822 1947 2070 2011 alteram
2101 1948 2365 2011 duxisset
2393 1967 2590 2031 neque

351 2035 623 2096 nuntium
677 2034 866 2114 priori
914 2034 1241 2095 remisisset
1257 2081 1273 2105 ,
1326 2041 1595 2096 mortuus
1637 2041 1796 2095 esset
1837 2035 2115 2097 intestato
2146 2041 2206 2095 et
2235 2053 2310 2096 ex
2339 2042 2591 2115 utraque

347 2119 503 2180 filius
546 2125 719 2180 natus
750 2123 933 2180 esset:
974 2118 1375 2180 mediocrisne
1414 2137 1516 2181 res
1557 2120 1622 2181 in
1664 2121 2126 2181 controversiam
2168 2118 2420 2181 adducta
2466 2121 2589 2181 est?

352 2223 489 2267 cum
520 2210 908 2285 quaereretur
960 2203 1035 2266 de
1066 2203 1300 2267 duobus
1328 2206 1544 2267 civium
1574 2204 1884 2286 capitibus»,
1917 2211 1977 2265 et
2006 2205 2080 2265 de
2109 2222 2326 2284 puero,
2370 2206 2473 2284 qui
2517 2223 2589 2265 ex

346 2290 680 2370 posteriore
711 2298 884 2354 natus
914 2297 1072 2363 erat,
1124 2296 1186 2351 et
1215 2289 1290 2352 de
1320 2291 1447 2352 eius
1475 2297 1698 2363 matre;
1729 2308 1899 2371 quae,
1932 2290 1983 2352 si
2011 2289 2376 2351 iudicaretur
2408 2290 2589 2351 certis

350 2374 702 2455 quibusdam
732 2374 945 2447 verbis»,
977 2394 1101 2438 non
1141 2375 1309 2437 novis
1338 2377 1560 2457 nuptiis
1588 2376 1719 2437 fieri
1749 2394 1885 2437 cum
1915 2375 2223 2455 superiore
2253 2375 2588 2447 divortium,

348 2461 414 2519 in
445 2460 811 2522 concubinae
842 2459 1041 2522 locum
1073 2459 1413 2523 duceretur.
1470 2461 1633 2523 Haec
1660 2462 1842 2541 igitur
1872 2467 1934 2521 et
1961 2461 2179 2521 horum
2209 2459 2424 2522 similia
2452 2462 2584 2523 iura
2617 2488 2719 2542 184

350 2562 491 2606 suae
536 2545 785 2606 civitatis
825 2547 1229 2624 ignorantem,
1285 2553 1549 2608 erectum
1583 2554 1643 2608 et
1672 2544 1896 2607 celsum
1912 2592 1927 2614 ,
1983 2543 2164 2606 alacri
2207 2552 2267 2605 et
2305 2553 2584 2625 prompto

350 2648 455 2691 ore
487 2648 556 2691 ac
586 2627 774 2700 vultu,
807 2629 925 2690 huc
956 2637 1131 2710 atque
1161 2628 1301 2691 illuc
1329 2632 1681 2702 intuentem,
1714 2632 1917 2709 vagari
1940 2649 2075 2691 cum
2106 2646 2323 2708 magna
2353 2636 2587 2692 caterva

348 2820 1053 2935 ‹121'13313'22131‘0'1‘2'3‘2413'255‘3‘2’
1074 2815 1418 2951 ,tetta-¹3¹3

348 2951 582 3018 Stellung
598 2951 937 3018 rechtmiissig
951 2952 1226 3026 restituiert
1245 2952 1418 3004 erach-

350 3028 468 3073 tete.

417 3090 743 3141 vendidisset.
808 3087 939 3138 Vom
977 3086 1150 3139 Stante
1194 3086 1417 3153 geschah

348 3158 487 3209 diess
501 3173 545 3207 z.
559 3155 620 3207 Β.
638 3157 722 3207 bei
742 3156 858 3206 dem
869 3155 1077 3223 Biirger,
1099 3156 1190 3208 der
1207 3171 1296 3207 um
1316 3157 1416 3207 den

347 3223 674 3276 dffentlichen
695 3224 1011 3290 Leistungen
1038 3240 1104 3275 zu
1141 3223 1415 3290 entgehen,

348 3293 458 3345 sich
494 3291 632 3343 nicht
665 3291 907 3342 schitzen
940 3292 1063 3342 liess
1097 3289 1416 3357 (incensus),

347 3362 433 3412 od.
446 3361 539 3411 der
555 3360 674 3411 dem
689 3360 1073 3425 Kriegsdienste
1083 3359 1194 3411 sich
1212 3368 1414 3425 entzog.

415 3437 509 3481 182.
544 3431 598 3480 in
620 3429 855 3488 Mutine,
880 3428 963 3478 bei
986 3429 1100 3479 dem
1126 3444 1182 3479 es
1208 3444 1305 3479 nur
1326 3426 1422 3478 auf

347 3497 445 3547 den
458 3496 723 3548 Nachweis
736 3489 828 3547 des
843 3495 1032 3547 sactum
1044 3497 1415 3562 angekommen

346 3567 497 3619 ware.
541 3567 595 3615 in
618 3566 753 3616 civili
773 3566 903 3628 iure,
929 3564 1095 3616 wobei
1120 3579 1175 3614 es
1199 3562 1308 3615 sich
1328 3579 1417 3614 um

345 3632 823 3698 Rechtsprincipien
871 3632 978 3683 und
1019 3646 1107 3682 nm
1146 3631 1417 3682 Eutsehei-

346 3701 487 3767 dung
496 3699 1183 3767 schwierigerRechtsfragen
1193 3699 1290 3749 han
1296 3699 1421 3753 delt-

413 3771 664 3832 infeviore
711 3771 892 3821 ordine
905 3805 919 3830 ,
967 3768 1049 3820 bei
1095 3770 1415 3834 geringerem

345 3838 523 3903 Range
547 3837 671 3887 oder
692 3839 986 3904 geringere'r
1009 3836 1245 3901 Stellung
1268 3838 1416 3887 nam-

345 3904 445 3955 lieh
469 3906 685 3970 dessen,
720 3920 809 3955 um
848 3907 948 3956 deu
972 3921 1028 3958 es
1052 3905 1164 3956 sich
1187 3904 1413 3955 handelt.

413 3974 571 4035 Itane,
597 3974 691 4025 das
714 3972 937 4053 hiesige3
966 3973 1281 4039 diesseitige.

413 4050 599 4180 fficio
618 4108 711 4160 Die
744 4042 1024 4161 eingcbls‘tie
1045 4042 1415 4162 Ιᾶῗὲῖῗιιῖοῐίοη

352 4178 446 4229 des
469 4177 652 4230 Satzes
683 4179 752 4230 ist
771 4177 883 4237 die:
921 4177 1149 4242 ‘Fcrner,
1187 4192 1291 4231 was
1316 4178 1416 4228 den

1520 2816 1629 2868 Fall
1653 2816 1860 2881 betrifft‚
1881 2818 1973 2868 der
1990 2816 2174 2867 einmal
2191 2817 2592 2883 vorgehommen

1518 2887 1617 2948 ist,
1643 2885 1864 2937 uiimlich
1887 2892 1944 2937 ut
1965 2884 2329 2952 paterfamilias
2345 2887 2475 2951 ‚qui
2500 2902 2599 2937 ve·-

1521 2954 1715 3013 nisset,
1746 2968 1862 3004 cum
1899 2953 2138 3004 duxisset
2163 2969 2327 3019 neque
2356 2954 2585 3006 remisis-

1519 3031 1621 3085 set,
1657 3029 1881 3074 mortuus
1904 3030 2040 3073 esset
2070 3024 2343 3075 intestato:
2377 3022 2589 3073 handelt

1519 3089 1658 3141 sichs
1703 3091 1769 3140 da
1810 3089 1949 3141 nieht
1978 3106 2068 3141 um
2101 3090 2337 3156 wichtige
2369 3089 2533 3156 Dinge
2542 3088 2584 3142 ’ξ’

1518 3158 1666 3209 Denn
1690 3158 1782 3209 das
1805 3158 1875 3209 ist
1898 3159 1990 3209 das
2016 3157 2439 3219 entscheidende,
2465 3159 2588 3211 dass

1521 3242 1575 3276 er
1609 3226 1742 3277 ohne
1774 3227 2069 3277 Testament
2089 3228 2363 3291 gestet-ben
2395 3241 2500 3277 war
2530 3243 2587 3277 u.

1522 3295 1675 3345 zwei
1708 3294 1877 3344 Erben
1916 3293 2256 3344 hinterlassen
2287 3293 2450 3357 hatte,
2485 3309 2587 3344 von

1513 3363 1699 3428 jeder
1722 3362 1853 3411 Fran
1886 3361 2053 3412 einen.
2110 3361 2214 3412 Das
2246 3361 2300 3411 iu
2324 3362 2424 3412 den
2448 3362 2586 3411 Aus-
2666 3379 2689 3406 e-

1518 3431 1683 3495 gaben
1717 3445 1783 3480 an
1818 3438 2048 3479 mortuus
2081 3428 2356 3494 angeffigte
2389 3444 2487 3491 que
2519 3430 2589 3479 ist

1520 3496 1681 3549 durch
1706 3498 1856 3547 einen
1874 3494 2232 3556 Abschreiber,
2254 3497 2346 3547 der
2363 3497 2463 3547 den
2483 3497 2586 3547 Zu-

1519 3564 1891 3630 sammenhang
1923 3563 2062 3615 nieht
2097 3565 2364 3628 erkannte,
2398 3566 2451 3617 in
2486 3565 2586 3615 den

1520 3636 1651 3686 Text
1671 3634 1993 3698 gekommen.

1590 3703 1747 3753 certis
1765 3701 2056 3768 quibusdam
2074 3701 2258 3753 verbis.
2283 3700 2398 3767 Dig.
2411 3699 2587 3751 XXIV

1522 3771 1582 3821 tit
1605 3770 1660 3822 2.
1684 3770 1717 3821 1.
1744 3770 1777 3820 2
1801 3772 1859 3820 In
1882 3768 2112 3835 repudiis
2136 3769 2190 3819 id
2218 3778 2296 3820 est
2319 3770 2586 3819 renuntia-

1517 3839 1660 3889 tione
1691 3837 1838 3904 (dem
1869 3835 2224 3901 Absagebriel')
2260 3838 2588 3902 comprobata

1518 3914 1638 3957 sunt
1661 3905 1790 3956 haec
1810 3907 1991 3957 verba:
2018 3911 2133 3955 tuas
2154 3920 2242 3956 res
2266 3905 2358 3955 tibi
2379 3906 2585 3967 habete,

1517 3975 1640 4025 item
1662 3973 1814 4024 haec:
1840 3981 1956 4025 tuas
1976 3989 2065 4023 res
2088 3974 2182 4024 tibi
2201 3974 2357 4039 agito,

1589 4044 1887 4105 duceretur,
1925 4042 2202 4106 ‘tamquam
2235 4042 2440 4092 uxorin
2468 4057 2587 4092 eum

1520 4110 1705 4172 locum,
1729 4109 1815 4172 qui
1840 4124 1942 4161 non
1968 4118 2105 4161 esset
2131 4110 2321 4171 uxoris,
2348 4110 2440 4160 sed
2458 4124 2585 4165 con·
2618 4157 2633 4168 ,

1519 4178 1772 4232 cubinae’.
