2930 4693
458 251 583 316 150
1030 244 1127 308 DE
1171 243 1530 308 ORATORE
1571 244 1626 307 11
1668 242 1771 309 38.
1817 251 2126 308 159—161.

456 417 631 479 nibus
660 424 719 478 et
746 416 931 478 multa
959 415 1301 497 quaerendo
1330 417 1639 496 reperiunt
1680 435 1802 479 non
1842 416 2021 478 modo
2061 434 2159 487 ea,
2212 434 2364 496 quae
2403 416 2527 477 iam
2569 434 2704 478 non

453 504 683 584 possint
709 504 824 582 ipsi
869 501 1218 573 dissolvere,
1262 502 1367 563 sed
1410 503 1588 563 etiam
1617 501 1834 584 quibus
1863 511 2001 563 ante
2031 520 2240 563 exorsa
2271 508 2332 562 et
2357 503 2558 581 potius
2590 503 2702 563 de-

306 595 418 672 ‘159
450 596 607 649 texta
649 606 837 669 prope
877 596 1241 648 retexantur.
1322 587 1433 648 Hic
1474 605 1584 648 nos
1624 589 1806 667 igitur
1833 589 2067 649 Stoicus
2101 589 2215 648 iste
2255 583 2407 648 nihil
2435 587 2698 658 adiuvat,

454 674 761 754 quoniam,
816 671 1313 754 quemadmodum
1342 674 1641 734 inveniam
1670 673 1814 754 quid
1857 674 2050 734 dicam
2091 691 2212 733 non
2256 672 2458 743 docet;
2514 680 2698 753 atque

452 759 610 820 idem
642 760 818 820 etiam
849 757 1122 837 impedit,
1176 758 1335 838 quod
1366 766 1426 819 et
1453 757 1638 819 multa
1667 761 1922 839 reperit,
1968 776 2121 838 quae
2149 765 2331 836 negat
2356 756 2480 819 ullo
2512 758 2698 818 modo

452 861 625 924 posse
656 842 922 913 dissolvi,
966 849 1028 903 et
1054 860 1243 923 genus
1271 845 1568 904 sermonis
1596 842 1791 904 adfert
1818 861 1939 905 non
1970 842 2288 924 liquidum,
2334 861 2456 903 non
2489 843 2694 903 fusum

453 948 522 990 ac
552 930 883 1009 profluenS,
935 927 1041 988 sed
1083 927 1264 999 exile,
1310 928 1573 999 aridum,
1617 931 1918 990 concisum
1961 946 2031 989 ac
2059 929 2375 989 minutum.
2437 927 2614 999 Quod
2643 930 2693 988 si

451 1017 553 1094 qui
585 1010 888 1094 probabit,
939 1014 1019 1073 ita
1048 1012 1343 1092 probabit,
1374 1020 1442 1074 ut
1471 1016 1695 1075 oratori
1723 1022 1924 1074 tamen
1954 1021 2159 1094 aptum
2189 1030 2311 1073 non
2341 1031 2472 1075 esse
2504 1013 2693 1074 fatea-

454 1108 579 1170 tur;
601 1100 751 1160 haec
776 1100 933 1159 enim
956 1106 1159 1159 nostra
1172 1100 1361 1160 oratio
1374 1098 1769 1160 multitudinis
1791 1106 1883 1160 est
1903 1098 2147 1160 auribus
2159 1098 2691 1167 accommodanda,

452 1184 525 1245 ad
557 1182 938 1245 oblectandos
967 1185 1224 1255 animoS,
1255 1183 1330 1245 ad
1358 1183 1766 1265 impellendos
1799 1184 1875 1245 ad
1903 1203 1972 1245 ea
2000 1182 2337 1263 probanda,
2382 1202 2537 1265 quae
2567 1201 2692 1244 non

315 1276 418 1328 160
451 1269 710 1330 aurificis
739 1275 985 1339 statera,
1028 1268 1131 1330 sed
1161 1268 1435 1350 populari
1463 1269 1716 1349 quadam
1747 1271 1969 1331 trutina
1999 1270 2429 1331 examinantur.
2489 1270 2693 1341 Quare

232 2423 247 2537 Ι
311 2476 409 2530 161

452 1355 624 1415 istam
667 1361 857 1415 artem
899 1360 1083 1415 totam
1126 1354 1505 1425 dimittimuS,
1557 1373 1710 1435 quae
1759 1356 1826 1416 in
1866 1354 2271 1433 excogitandis
2318 1356 2692 1434 argumentis

452 1446 613 1500 muta
646 1440 894 1501 nimium
926 1446 1042 1511 est,
1087 1441 1149 1500 in
1179 1440 1511 1501 iudicandis
1551 1442 1799 1502 nimium
1840 1440 2072 1521 loquax.
2133 1437 2456 1503 Critolaum
2486 1440 2690 1510 istum,

451 1543 629 1605 quem
651 1524 830 1587 simul
854 1543 989 1587 cum
1000 1525 1262 1605 Diogene
1274 1526 1505 1586 venisse
1529 1543 1977 1596 commemoras,
2004 1532 2149 1607 puto
2171 1525 2303 1605 plus
2325 1526 2467 1586 huic
2479 1532 2692 1585 nostro

451 1611 645 1673 studio
674 1611 960 1691 prodesse
989 1613 1271 1691 potuisse.
1339 1611 1483 1671 Erat
1513 1613 1672 1671 enim
1703 1610 1777 1671 ab
1806 1612 1923 1671 isto
1952 1610 2297 1678 Aristotele,
2329 1628 2364 1670 a
2394 1611 2565 1671 cuius
2593 1611 2690 1670 in-

449 1697 639 1757 ventis
668 1696 777 1757 tibi
807 1715 918 1776 ego
946 1696 1151 1758 videor
1177 1714 1297 1757 non
1328 1695 1505 1774 longe
1535 1695 1836 1757 aberrare.
1882 1697 2070 1776 Atque
2099 1696 2256 1756 inter
2278 1695 2439 1756 hunc
2461 1696 2691 1755 Aristo-

453 1780 662 1852 telem,
721 1783 887 1842 cuius
929 1789 989 1841 et
1031 1780 1196 1842 illum
1237 1780 1357 1860 legi
1397 1778 1638 1851 librum,
1693 1782 1757 1841 in
1798 1799 1916 1860 quo
1961 1782 2232 1861 exposuit
2259 1779 2497 1842 dicendi
2528 1788 2692 1841 artes

451 1867 717 1927 omnium
746 1867 1137 1946 superiorum,
1173 1873 1232 1926 et
1259 1865 1408 1936 illos,
1439 1868 1502 1927 in
1533 1866 1747 1946 quibus
1775 1867 1903 1945 ipse
1934 1885 2039 1927 sua
2063 1865 2355 1945 quaedam
2378 1865 2453 1926 de
2475 1866 2688 1927 eadem

451 1957 578 2011 arte
619 1951 793 2021 dixit,
846 1957 906 2010 et
944 1950 1055 2011 hos
1097 1968 1413 2029 germanos
1450 1951 1628 2012 huius
1658 1952 1802 2012 artis
1830 1953 2145 2030 magistros
2173 1950 2289 2011 hoc
2318 1951 2468 2012 mihi
2496 1952 2691 2011 visum

451 2042 543 2096 est
579 2036 900 2105 interesse,
954 2034 1113 2115 quod
1152 2034 1251 2095 ille
1295 2035 1501 2096 eadem
1545 2038 1672 2097 acie
1712 2038 1954 2107 mentis,
2007 2053 2124 2117 qna
2165 2054 2368 2097 rerum
2415 2036 2689 2097 omnium

449 2121 567 2181 vim
612 2127 1000 2199 naturamque
1040 2115 1296 2191 viderat,
1349 2121 1499 2181 haec
1549 2140 1783 2202 quoque
1833 2122 2088 2202 aspexit,
2143 2140 2292 2202 quae
2332 2122 2404 2182 ad
2448 2120 2691 2182 dicendi

452 2213 671 2277 artem,
704 2224 881 2286 quam
911 2204 1012 2266 ille
1043 2204 1434 2285 despiciebat,
1468 2206 1877 2285 pertinebant;
1922 2206 2009 2267 illi
2038 2213 2263 2278 autem,
2309 2207 2412 2286 qui
2440 2207 2558 2268 hoc
2590 2226 2688 2267 so-

454 2289 576 2354 lum
609 2289 923 2353 colendum
957 2290 1282 2363 ducebant,
1328 2289 1673 2354 habitarunt
1712 2293 1776 2353 in
1814 2293 1926 2354 hac
1956 2310 2074 2354 una
2101 2293 2332 2354 ratione
2358 2291 2688 2364 tractanda,

452 2394 577 2438 non
605 2376 814 2438 eadem
836 2378 1170 2458 prudentia,
1204 2396 1319 2458 qua
1353 2376 1470 2448 ille,
1504 2377 1607 2438 sed
1632 2397 1743 2439 usu
1762 2379 1827 2437 in
1847 2379 1963 2440 hoc
1986 2396 2106 2440 uno
2128 2396 2350 2458 genere
2371 2377 2689 2458 studioque

449 2463 693 2525 maiore.
776 2463 1068 2526 Carneadi
1095 2482 1237 2524 vero
1266 2463 1352 2525 vis
1380 2462 1751 2525 incredibilis
1779 2462 1880 2525 illa
1910 2463 2147 2526 dicendi
2176 2472 2237 2526 et
2263 2465 2516 2526 varietas
2544 2482 2687 2544 per-

1616 2650 1809 2702 lecticis
1823 2652 1988 2703 omnis
1998 2667 2120 2702 cura
2131 2660 2474 2714 consumetur,
2492 2665 2685 2716 vagum

1616 2720 1740 2771 illud
1773 2721 2014 2773 orationis
2051 2728 2100 2770 et
2128 2721 2297 2783 fusum
2332 2728 2381 2769 et
2414 2718 2685 2786 multiplex

517 2656 568 2702 et
597 2653 752 2702 multa
818 2653 1094 2703 atterendo.
1151 2650 1224 2701 Zu
1260 2651 1379 2702 dem
1414 2651 1513 2702 Ge·
1560 2680 1568 2688 ·

447 2721 589 2771 webe
607 2734 705 2771 von
724 2719 795 2785 Sy
816 2720 1066 2787 logismen
1085 2735 1234 2771 muss
1257 2721 1374 2770 weit
1391 2734 1513 2771 aus-

447 2787 646 2851 geholt,
687 2791 894 2838 miissen
931 2803 1035 2838 von
1067 2788 1200 2838 allen
1225 2787 1401 2839 Seiten
1431 2788 1515 2837 die

448 2855 621 2904 Ffiden
644 2853 1052 2921 herbeigezogen
1069 2857 1289 2907 werden.
1319 2856 1518 2906 Zuletzt

449 2924 568 2972 aber
605 2921 987 2973 durchkreuzen
1022 2923 1130 2973 sich
1165 2924 1308 2974 diese
1331 2925 1514 2989 derge·

448 2989 583 3052 stalt,
609 2990 731 3039 dass
757 2992 831 3039 sie
855 2988 1016 3041 selbst
1040 2991 1131 3041 das
1155 2992 1351 3042 Knfiuel
1375 2990 1516 3041 nicht

448 3057 591 3107 mehr
612 3057 846 3107 auflc‘isen
871 3059 1092 3110 konnen.

516 3126 764 3192 quibus—
785 3127 860 3175 sie
878 3128 1116 3177 kommen
1135 3126 1510 3187 aufResultate,

447 3195 540 3244 mit
575 3196 741 3245 denen
777 3195 852 3245 sie
878 3196 970 3246 das
993 3194 1167 3244 frfiher
1188 3195 1507 3260 begonnene,

447 3265 567 3314 aber
600 3278 689 3314 um
722 3264 867 3313 einen
905 3264 1097 3314 andern
1121 3263 1295 3314 Faden
1326 3262 1511 3313 aufzu—

448 3332 668 3385 nehmen
699 3332 887 3382 wieder
918 3331 1083 3398 liegen
1124 3333 1416 3398 gelassene,
1455 3332 1511 3396 ja

447 3401 576 3451 auch
596 3402 687 3453 das
705 3400 923 3451 beinahe
933 3401 1093 3451 sehon
1104 3401 1283 3465 fertige
1296 3398 1513 3450 Gewebe

446 3471 636 3520 wieder
659 3470 961 3520 auftrennen
985 3472 1211 3519 miissen.
1247 3468 1510 3532 redemere,

446 3536 766 3603 Nligelsbach
787 3538 900 3590 Lat.
926 3537 1037 3589 Stil.
1063 3538 1097 3600 S
1126 3536 1238 3598 135,
1263 3546 1304 3588 2.

514 3614 605 3656 159.
644 3608 771 3666 Hie,
797 3620 876 3656 wo
902 3621 957 3657 es
981 3605 1091 3657 sich
1112 3620 1199 3656 nm
1224 3605 1308 3657 die
1330 3607 1510 3657 iuven·

446 3674 515 3724 tio
540 3672 765 3725 handelt.

514 3748 694 3809 negat,
752 3741 843 3791 mit
888 3741 1209 3808 Auspielung
1264 3741 1357 3792 auf
1399 3741 1509 3792 ihre

446 3809 831 3877 Trugschliisse,
863 3810 963 3860 den
986 3812 1314 3860 mentientem
1340 3810 1510 3876 (ψευ-

447 3872 556 3945 ὃόμ
563 3876 739 3945 svor),
759 3878 960 3928 calvum
973 3870 1289 3944 (φαλακόν)
1300 3895 1351 3929 u.
1365 3893 1506 3928 acer-

448 3948 613 3996 valem
639 3944 934 4014 (σωρίτην)
961 3948 1025 3996 de
1048 3947 1153 3998 div.
1180 3948 1226 3996 ΙΙ
1250 3947 1302 4000 4.

511 4030 672 4080 genus
692 4016 951 4074 ser-monis,
977 4015 1048 4065 111
1074 4013 1155 4077 18,
1173 4023 1241 4066 66.
1254 4016 1507 4079 —fusum,

448 4084 558 4129 ‘aus
593 4084 759 4131 einem
783 4082 951 4145 Guss’‚
987 4084 1058 4131 im
1084 4084 1127 4136 G
1195 4092 1369 4133 ensatz
1407 4098 1507 4133 von

448 4150 721 4206 concisum,
781 4165 1148 4217 κατακεκομμ
1183 4166 1291 4216 νην
1337 4145 1506 4213 λέξιν,

450 4212 688 4262 zerhackt
711 4217 817 4264 und
840 4217 892 4265 in
918 4218 1106 4266 kurzen
1136 4218 1341 4270 Siitzen.
1367 4218 1507 4268 Brut.

447 4279 530 4342 31,
557 4287 633 4329 119
656 4291 920 4344 propterea
941 4284 1078 4345 qnod
1096 4285 1309 4333 istorum
1328 4286 1378 4333 in
1400 4285 1509 4334 dia-

1616 2803 1719 2838 non
1743 2787 2013 2839 adhibetur
2035 2803 2215 2854 genus·

1682 2877 1780 2933 ita,
1817 2873 1923 2923 ‘mit
1947 2872 2035 2923 der
2053 2871 2467 2940 Beschrfinkung'
2503 2875 2537 2938 §
2560 2872 2678 2937 327,

1615 2942 1694 3061 1Ιὲ
1718 2940 1814 3004 26,
1862 2951 1955 2993 103.
2013 2942 2140 2994 haec
2181 2943 2312 2992 enim
2354 2949 2535 2993 nostra
2587 2952 2680 2996 etc.

1614 3010 1637 3059 1
1697 3046 1710 3071 ,
1740 3019 1805 3065 12.

1684 3086 1774 3129 160.
1814 3078 1877 3128 ab
1902 3079 2000 3129 isto
2025 3079 2094 3129 A.
2105 3114 2121 3138 ,
2167 3078 2218 3128 d.
2242 3076 2294 3130 b.
2329 3093 2384 3127 er
2415 3093 2519 3129 war
2542 3078 2678 3127 Peri-

1613 3146 1890 3212 patetiker,
1922 3148 2017 3196 wie
2049 3147 2114 3196 de
2145 3145 2233 3195 fin.
2259 3147 2332 3198 IV
2365 3144 2424 3208 3,
2459 3155 2483 3196 7
2531 3148 2594 3197 ab
2621 3161 2677 3195 eo

1615 3212 1873 3277 (Zenone)
1899 3215 1985 3278 qui
2008 3223 2153 3276 sunt,
2188 3214 2239 3264 d.
2263 3213 2315 3264 h.
2354 3214 2437 3264 die
2462 3213 2678 3276 swiker,

1615 3281 1679 3332 de
1705 3283 1790 3332 off.
1818 3285 1888 3333 III
1913 3280 2007 3347 33,
2034 3291 2108 3332 116
2146 3283 2210 3333 ab
2234 3282 2495 3348 Aristippo
2524 3282 2675 3347 Cyre-

1616 3350 1766 3402 naici.
1816 3350 2024 3402 Schultz
2048 3353 2082 3415 S
2104 3348 2225 3401 208.

1679 3437 1815 3487 illum
1836 3436 2029 3496 librum,
2055 3434 2276 3487 nfimlich
2300 3436 2444 3486 seine
2466 3433 2680 3502 τεχνῶν

1613 3495 1931 3570 συναγωγή,
1957 3505 2099 3556 Einl.
2122 3506 2145 3554 Ι
2168 3508 2201 3569 S
2223 3504 2274 3568 4,
2303 3513 2371 3554 17.

1681 3595 1732 3639 et
1754 3591 1870 3640 illos
1890 3616 1959 3628 -—-
1983 3590 2065 3640 die
2088 3589 2270 3656 Topik,
2295 3592 2328 3653 S
2353 3587 2467 3640 152.
2493 3605 2589 3640 sua
2614 3616 2679 3625 ——

1611 3657 1683 3706 im
1718 3655 2002 3723 Gegensatz
2050 3674 2114 3708 zu
2147 3657 2265 3707 dem
2296 3657 2435 3708 bloss
2470 3656 2678 3708 histori—

1611 3724 1766 3776 schen
1792 3726 2013 3777 Referat.

1676 3827 1947 3878 germanos
1968 3836 2036 3847 --
2070 3811 2154 3861 die
2179 3810 2512 3876 eigentlichen
2537 3811 2674 3861 Rhe-

1610 3881 1798 3930 toriker
1823 3896 1886 3929 ex
1911 3879 2161 3944 professQ
2188 3880 2268 3930 die
2286 3878 2383 3931 Rh.
2405 3894 2520 3930 vom
2538 3880 2674 3928 rein-

1611 3955 1725 3998 sten
1749 3948 1978 3998 Wasser.

1677 4017 2006 4081 despiciebat,
2032 4017 2103 4067 III
2127 4014 2210 4081 35,
2237 4024 2329 4066 141.
2357 4015 2420 4066 de
2440 4015 2525 4065 off.
2547 4017 2568 4065 1
2591 4014 2635 4078 1,
2652 4023 2678 4063 4

1612 4083 1892 4146 eodemque
1915 4084 2067 4136 modo
2104 4085 2167 4134 de
2191 4085 2465 4135 Aristotele
2490 4091 2539 4133 et
2562 4085 2672 4133 Iso·

1610 4158 1746 4200 crate
1769 4153 1956 4215 iudico,
1982 4167 2194 4217 quorum
2219 4162 2431 4217 uterque
2450 4166 2543 4202 suo
2563 4161 2675 4201 stu·

1612 4219 1697 4268 dio
1724 4218 2001 4270 delectatus
2026 4220 2333 4285 contempsit
2355 4220 2587 4270 alterum.

1677 4285 1986 4348 habitarunt,
2011 4289 2032 4337 1
2058 4285 2143 4349 62,
2170 4296 2265 4338 264.
2289 4288 2393 4350 vgl.
2416 4285 2588 4350 11120,
2607 4295 2675 4340 77.
