2930 4693
273 578 444 651 2188

283 2519 452 2593 2290

443 162 567 224 126

984 151 1082 216 DE
1113 149 1472 214 ORATORE
1499 148 1552 211 11
1594 148 1697 212 21.
1729 146 1833 211 22.
1874 152 2117 206 88—90.

442 324 842 410 cohortandus
882 321 1361 402 adiuvandusque
1401 322 1507 392 sit,
1552 322 1635 383 ita
1673 284 2015 401 loquamur,
2057 328 2124 382 ut
2167 321 2223 381 ei
2262 318 2585 381 tradamus·
2608 336 2676 380 ea

446 412 772 482 dumtaxat,
815 426 968 490 quae
996 427 1108 469 nos
1138 425 1281 468 usus
1309 406 1539 478 docuit,
1591 414 1658 467 ut
1692 405 1865 468 nohis
1899 405 2149 467 ducibus
2176 406 2373 466 veniat
2408 422 2480 465 eo
2496 450 2511 472 ,
2558 423 2675 483 quo

447 499 576 558 sine
606 493 756 557 duce
784 495 898 575 ipsi
925 493 1322 574 pervenimus,
1353 492 1634 572 quoniam
1662 490 1909 553 meliora
1941 491 2159 552 docere
2188 508 2309 551 non
2339 507 2674 569 possumus.

613 581 821 661 Atque
836 587 901 640 nt
930 597 965 640 a
994 575 1273 639 familiari
1298 583 1505 637 nostro
1548 575 1824 637 exordiar
1838 624 1854 646 ,
1899 576 2060 637 hunc
2088 593 2200 654 ego
2215 623 2230 645 ,
2265 573 2468 636 Catule
2483 621 2500 645 ,
2542 573 2674 634 Sul·

444 667 665 747 picium
716 664 977 744 primum
1018 664 1080 722 in
1123 678 1299 722 causa
1344 659 1587 739 parvula
1636 659 2142 721 adulescentulum
2198 655 2391 720 audivi
2429 676 2576 719 voce
2619 665 2677 719 et

443 751 636 813 forma
679 756 739 810 et
780 755 943 811 motu
984 747 1256 826 corporis
1297 752 1358 806 et
1396 744 1642 826 reliquis
1672 745 1853 806 rebus
1882 746 2033 824 aptis
2062 743 2135 805 ad
2166 745 2281 805 hoc
2310 761 2555 813 munus,
2602 742 2676 803 de

445 855 562 916 quo
593 834 962 914 quaerimuS,
1004 831 1273 892 oratione
1315 836 1516 891 autem
1559 829 1740 891 celeri
1781 837 1842 891 et
1870 830 2193 899 concitata,
2237 828 2395 908 quod
2427 834 2559 888 erat
2583 829 2675 888 in-

447 921 636 998 genii,
679 924 739 979 et
768 916 964 977 verbis
1000 914 1520 976 effervescentibus
1562 922 1622 976 et
1658 913 1857 995 paullo
1898 916 2146 975 nimium
2188 911 2676 983 redundantibus,

447 1002 606 1084 quod
649 1008 778 1062 erat
818 1001 1044 1061 aetatis.
1105 1000 1238 1062 Non
1280 1018 1411 1061 sum
1452 1007 1832 1079 aspernatus;
1885 997 2018 1060 volo
2060 999 2216 1059 enim
2261 1017 2326 1059 se
2368 997 2575 1058 efferat
2614 998 2677 1057 in

450 1087 827 1149 adulescente
857 1083 1206 1147 fecunditas,
1260 1084 1409 1146 Nam
1439 1086 1593 1146 sicut
1620 1083 1848 1145 facilius
1877 1085 1939 1144 in
1963 1082 2178 1144 vitibus
2207 1087 2561 1143 revocantur
2590 1100 2677 1152 ea,

448 1189 600 1252 quae
629 1187 760 1230 sese
790 1169 1038 1231 nimium
1067 1168 1490 1248 profuderunt,
1522 1187 1729 1249 quam,
1760 1170 1812 1228 si
1843 1166 1991 1230 nihil
2020 1165 2174 1229 valet
2200 1168 2496 1238 materies,
2528 1184 2680 1227 nova

450 1261 750 1317 sarmenta
779 1252 1008 1315 cultura
1040 1255 1400 1329 excitantur,
1445 1256 1590 1316 item
1619 1252 1766 1330 volo⁴
1794 1271 1924 1314 esse
1963 1253 2026 1314 in
2069 1251 2475 1321 adulescente,
2521 1250 2680 1312 unde

450 1336 676 1420 aliquid
718 1345 1039 1420 amputem.-
1099 1339 1233 1400 Non
1278 1340 1438 1401 enim
1479 1346 1677 1419 potest
1716 1339 1780 1398 in
1822 1356 1894 1399 eo
1946 1355 2074 1399 esse
2121 1355 2297 1398 sucus
2349 1336 2678 1406 diuturnuS,

349 1433 420 1485 89
450 1423 609 1505 quod
637 1424 815 1486 nimis
844 1422 1122 1485 celeriter
1152 1431 1242 1485 est
1269 1425 1670 1487 maturitatem
1699 1422 2063 1484 adsecutum.
2123 1421 2254 1482 Vidi
2283 1422 2479 1483 statim
2510 1420 2679 1481 indo-

448 1510 570 1571 lem
599 1527 792 1590 neque
823 1508 1021 1571 dimisi
1063 1516 1298 1589 tempus
1339 1516 1401 1570 et
1439 1526 1577 1571 eum
1621 1527 1755 1571 sum
1795 1508 2167 1575 cohortatus,
2212 1514 2279 1567 ut
2327 1506 2525 1568 forum
2568 1504 2682 1565 sihi

450 1595 656 1656 ludum
683 1600 921 1673 putaret
949 1610 1079 1654 esse
1109 1593 1183 1655 ad
1215 1592 1564 1657 discendum
1580 1642 1596 1664 ,
1639 1593 1987 1671 magistrum
2018 1598 2243 1662 autem,
2279 1609 2456 1672 quem
2485 1589 2680 1659 vellet,

452 1678 727 1756 eligerem
772 1697 868 1740 me
897 1677 1136 1758 quidem
1167 1679 1217 1738 si
1247 1678 1509 1749 audiret,
1541 1679 1606 1739 L.
1641 1672 1935 1739 Crassum.
1995 1675 2167 1748 Quod
2195 1677 2306 1736 iste
2336 1675 2596 1755 adripuit
2625 1682 2685 1734 et

448 1766 531 1827 ita
559 1781 690 1824 sese
720 1762 1012 1824 facturum
1045 1763 1417 1826 confirmavit
1458 1769 1633 1842 atque
1677 1764 1856 1823 etiam
1897 1760 2155 1830 addidit,
2201 1762 2426 1839 gratiae
2456 1759 2684 1822 scilicet

451 1865 644 1917 causa,
676 1865 772 1908 me
794 1865 1028 1925 quoque
1058 1846 1173 1907 sibi
1200 1850 1548 1925 magistrum
1580 1847 1864 1909 futurum.
1909 1846 2017 1908 Vix
2046 1863 2235 1906 annus
2264 1847 2685 1906 intercesserat

452 1931 526 1992 ab
557 1930 673 1990 hoc
701 1947 982 1991 sermone
1011 1930 1435 1991 cohortationis
1464 1950 1660 2002 meae,
1706 1950 1841 1992 cum
1879 1932 1993 1992 iste
2036 1931 2329 1991 accusavit
2359 1931 2423 1992 C.
2453 1929 2683 1990 Norba-

451 2033 624 2087 num,
660 2013 1014 2076 defendente
1055 2033 1172 2075 me.
1244 2015 1378 2076 Non
1419 2023 1511 2077 est
1553 2015 1868 2086 credibile,

1913 2015 2052 2096 quid
2093 2016 2382 2075 interesse
2423 2014 2571 2074 mihi
2610 2013 2686 2074 sit

451 2098 638 2161 visuin
667 2099 825 2159 inter
856 2116 1009 2170 eum,
1042 2100 1144 2179 qui
1173 2105 1298 2160 tum
1331 2106 1459 2160 erat
1489 2108 1548 2161 et
1576 2102 1673 2180 qui
1707 2119 1862 2161 anno
1894 2108 2029 2161 ante
2061 2099 2273 2161 fuerat.
2334 2097 2591 2161 Omnino
2621 2100 2682 2159 in

449 2184 597 2247 illud
639 2202 825 2263 genus
869 2202 1006 2245 eum
1036 2185 1231 2248 Crassi
1273 2185 1650 2262 magnificum
1693 2192 1867 2265 atque
1898 2184 2271 2265 praeclarum
2313 2190 2525 2245 natura
2558 2185 2684 2263 ipsa

452 2269 732 2339 ducebat,
787 2268 893 2328 sed
934 2287 1005 2330 ea
1045 2287 1168 2330 non
1209 2270 1350 2330 satis
1391 2271 1684 2351 proficere
1714 2271 2030 2350 potuisset,
2078 2270 2192 2330 nisi
2235 2269 2444 2330 eodem
2491 2269 2684 2329 studio

452 2361 627 2434 atque
667 2354 994 2415 imitatione
1037 2355 1389 2416 intendisset
1432 2363 1608 2436 atque
1659 2358 1740 2416 ita
1788 2356 1986 2417 dicere
2033 2353 2402 2426 consuesset}
2456 2362 2523 2416 ut
2564 2360 2685 2415 tota

456 2445 653 2500 mente
685 2439 961 2501 Crassum
993 2446 1168 2520 atque
1200 2441 1362 2500 omni
1394 2442 1590 2501 animo
1624 2442 1977 2502 intueretur.

451 2693 577 2729 suae
640 2684 800 2727 testes
857 2677 1052 2742 colligit
1119 2677 1279 2727 durch
1339 2677 1519 2728 seinen

451 2744 1040 2806 Marktschreierdienst,
1067 2745 1166 2794 den
1194 2761 1249 2794 er
1273 2746 1400 2796 eben
1425 2746 1519 2798 mit

452 2813 647 2862 seinem
673 2811 893 2862 clamare
926 2812 1020 2862 auf
1051 2813 1200 2877 eigne
1221 2813 1369 2864 Hand
1393 2828 1515 2864 aus-

454 2879 563 2929 iibt.

520 2944 606 3008 21,
625 2954 694 2997 88.
722 2947 775 2995 in
799 2960 957 2995 causa
970 2950 1209 3010 parvula,
1230 2948 1383 2998 deren
1396 2963 1519 3013 spe-

453 3013 622 3064 cieller
659 3013 986 3077 Gegenstand
1031 3013 1169 3063 nicht
1210 3016 1383 3065 weiter
1424 3017 1515 3066 be·

400 3073 413 3090 “
444 3083 608 3132 kannt
650 3082 734 3133 ist.
802 3078 965 3130 Ueber
1010 3081 1102 3130 das
1135 3081 1426 3133 Deminutiv
1475 3098 1520 3134 s.

454 3147 776 3213 Nfigelsbach
800 3147 912 3197 Lat.
940 3146 1052 3200 Stil.
1077 3145 1109 3214 S
1134 3149 1218 3211 47,
1250 3158 1290 3199 1.

519 3214 946 3274 redundantibus,
972 3217 1069 3265 wie
1095 3216 1199 3267 Cic.
1226 3216 1309 3267 Or.
1333 3216 1416 3278 30,
1444 3227 1520 3270 108

451 3301 554 3336 von
578 3284 688 3335 sich
723 3283 884 3335 selbst
917 3293 1057 3348 sagt:
1094 3284 1180 3334 illa
1214 3298 1305 3348 pro
1331 3286 1518 3336 Roscio

453 3353 691 3406 iuvenilis
725 3351 1081 3402 redundantia.
1131 3351 1271 3401 Brut.
1310 3350 1405 3415 91,
1442 3362 1520 3404 316

455 3425 506 3472 Is
529 3417 721 3486 (Molo)
754 3420 895 3470 dedit
929 3433 1136 3483 operam
1168 3428 1226 3469 ut
1260 3420 1409 3470 nimis
1432 3436 1517 3471 re·

455 3489 745 3539 dundantes
781 3503 875 3538 nos
910 3497 959 3536 et
982 3486 1353 3553 superfluentes
1378 3485 1520 3538 iuve-

456 3556 544 3606 nili
568 3555 792 3620 quadam
817 3554 1019 3605 dicendi
1051 3555 1350 3620 impunitate
1380 3563 1430 3605 et
1452 3555 1514 3605 li-

456 3624 621 3673 centia
643 3623 943 3688 reprimeret
968 3631 1018 3671 et
1041 3623 1188 3687 quasi
1214 3631 1358 3675 extra
1380 3623 1519 3688 ripas

455 3691 747 3741 diffluentes
773 3697 1042 3739 coerceret.

522 3764 845 3819 revocantur,
871 3756 982 3812 sich
1005 3757 1339 3823 wegnehmen
1358 3758 1518 3822 lasst3

456 3826 589 3877 nach
621 3827 784 3876 einem
818 3824 1055 3875 iiblichen
1092 3827 1288 3891 Tropus
1324 3827 1392 3876 ist
1429 3826 1523 3875 der

454 3895 669 3960 geistige
689 3893 961 3945 Ausdruck
984 3894 1279 3958 gebraucht,
1304 3908 1382 3943 wo
1401 3908 1519 3944 man

456 3962 559 4011 den
592 3961 901 4023 sinulichen,
949 3961 1056 4011 und
1087 3960 1391 4025 umgekehrt
1431 3962 1522 4012 der

455 4028 704 4078 sinnliche
750 4025 1092 4094 (amputem),
1141 4044 1219 4079 wo
1261 4044 1379 4080 man
1420 4030 1522 4079 den

456 4095 707 4159 geistigen
733 4103 980 4146 erwartet.
1010 4097 1384 4160 profuderunt,
1413 4098 1521 4149 Νᾶ-

459 4160 705 4226 gelsbach
727 4162 838 4214 Lat.
866 4161 978 4214 Stil.
1005 4164 1037 4224 S
1065 4161 1179 4223 130,
1205 4171 1247 4214 3.

620 2524 781 2603 Ergo
824 2525 939 2586 hoc
978 2526 1052 2585 sit
1093 2525 1354 2605 primum
1394 2526 1459 2586 in
1500 2527 1835 2606 praeceptis
1863 2523 2066 2597 meiS,’
2087 2531 2154 2586 ut
2192 2524 2685 2594 demonstremuS,

1689 2678 1942 2740 materies,
1972 2676 2065 2727 das
2089 2676 2233 2727 Holz.
2260 2692 2426 2739 sucus,
2453 2676 2686 2726 Lebens-

1624 2747 1758 2795 kraft
1770 2763 1816 2799 u.
1830 2744 2053 2808 Frische‚
2076 2745 2258 2795 humor
2273 2746 2322 2794 in
2346 2759 2572 2810 corpore,
2587 2757 2689 2807 quo

1625 2814 1889 2863 abundant
1912 2815 2045 2862 bene
2067 2814 2297 2862 valentes
2324 2812 2452 2863 nach
2470 2812 2652 2863 Donat.

1691 2890 1756 2932 89.
1781 2884 1855 2932 ad
1877 2882 2167 2933 diseendwn
2188 2881 2328 2931 Brut.
2347 2879 2432 2942 90,
2458 2889 2535 2931 311
2559 2881 2687 2930 Tum

1623 2950 1845 3015 primum
1878 2963 1974 3000 nos
2001 2949 2073 2999 ad
2107 2961 2288 2999 causas
2316 2957 2365 2998 et
2387 2949 2613 3013 privatas
2637 2954 2690 2997 et

1621 3017 1853 3083 publicas
1895 3016 2037 3067 adire
2073 3017 2361 3080 coepimus,
2406 3030 2510 3065 non
2544 3025 2602 3065 ut
2633 3017 2691 3065 in

1621 3085 1742 3148 foro
1767 3086 2074 3135 disceremus
2090 3121 2103 3147 ,
2134 3086 2272 3145 quod
2294 3084 2524 3149 plerique
2548 3083 2690 3133 fece-

1621 3159 1754 3215 runt,
1781 3151 1875 3202 sed
1900 3161 1969 3213 ut,
1998 3160 2245 3217 quantum
2264 3166 2358 3201 nos
2380 3151 2581 3201 efficere
2597 3165 2694 3216 po·

1621 3221 1916 3279 tuissemus,
1942 3220 2088 3270 docti·
2103 3221 2153 3270 in
2180 3220 2348 3270 forum
2374 3219 2688 3269 veniremus.

1690 3289 1945 3352 adripuit,
1983 3287 2130 3337 rasch
2156 3303 2208 3339 u.
2238 3287 2373 3336 ohne
2395 3287 2508 3337 sich
2531 3286 2686 3352 lange

1625 3372 1687 3406 zu
1710 3355 1996 3406 bedenken.
2350 3367 2368 3399 .·

1686 3424 1890 3487 gratiae
1914 3424 2113 3474 scilicet
2134 3438 2307 3481 causa,
2331 3422 2559 3472 versteht
2581 3420 2688 3471 sich

1623 3503 1715 3542 aus
1739 3489 2065 3541 Hiiflichkeit.
2095 3490 2150 3542 C.
2178 3490 2488 3553 Norbanum,
2513 3489 2646 3539 Einl.
2667 3491 2688 3537 1

1622 3560 1654 3620 s
1668 3557 1747 3619 12,
1776 3567 1867 3608 139.
1894 3559 2070 3609 eodem
2092 3559 2412 3621 intendisset,
2439 3559 2461 3606 1
2483 3555 2569 3619 80,
2594 3566 2687 3607 ¹35.

1689 3626 1773 3687 22,
1801 3635 1868 3675 90.
1905 3633 2058 3690 atque
2078 3627 2168 3684 ita,
2194 3624 2414 3675 nfimlich
2433 3626 2563 3687 (was
2576 3624 2684 3673 sich

1623 3693 1774 3742 leicht
1797 3709 1891 3742 aus
1911 3692 2027 3742 dem
2040 3692 2485 3758 Zusammenhang
2502 3692 2688 3757 ergibt)

1624 3762 1814 3811 weisen
1824 3760 2010 3810 wirihn
2029 3775 2113 3810 an.
2134 3761 2286 3812 Diese
2297 3761 2480 3810 beiden
2492 3761 2603 3809 Hau
2643 3768 2689 3808 t-

1623 3830 1819 3894 punkte
1839 3828 2041 3878 werden
2055 3828 2191 3878 dann
2207 3843 2287 3877 am
2301 3827 2513 3878 Schluss
2528 3824 2585 3893 (S
2600 3775 2687 3887 82)

1624 3897 1693 3945 im
1719 3894 2004 3961 Gegensatz
2032 3912 2096 3946 zu
2121 3896 2237 3945 dem
2262 3896 2482 3954 Reduer,
2523 3896 2613 3945 der
2636 3895 2689 3943 in

1625 3963 1810 4013 beiden
1836 3961 2195 4026 Beziehungen
2220 3962 2414 4027 gefehlt
2438 3963 2555 4025 hat,
2595 3978 2689 4012 zu-

1624 4029 1791 4096 gleich
1813 4045 1900 4080 um
1918 4030 2011 4080 des
2023 4031 2283 4097 Fulgende
2306 4029 2687 4095 anzukm'ipfen,

1626 4097 1887 4149 nochmals
1900 4097 2257 4162 eingeschzirft.
2286 4097 2408 4161 134,
2424 4107 2493 4151 56.
2519 4098 2689 4158 Quint.

1621 4164 1673 4214 X
1696 4165 1745 4227 2,
1772 4174 1821 4214 14
1855 4166 2171 4231 Quapropter
2200 4165 2528 4216 exactissimo
2560 4165 2692 4215 iudi-
