2930 4693
814 195 912 260 DE
943 196 1298 261 ORATORE
1329 196 1355 258 1
1399 197 1494 257 15.
1538 203 1800 257 63—67.
2335 202 2421 266 2¹9

161 370 386 451 Atque
437 368 583 431 illud
626 377 715 431 est
757 368 1151 449 probabiliuS,
1203 388 1395 451 neque
1435 378 1638 431 tamen
1683 388 1915 442 verum,
1959 368 2117 450 quod
2147 369 2424 433 Socrates
2463 375 2533 430 63

167 457 398 517 dicere
428 454 681 527 solebat,
725 473 933 517 omnes
972 458 1035 516 in
1065 474 1168 527 eo,
1210 455 1368 537 quod
1398 458 1649 526 scirent,
1693 457 1834 516 satis
1874 474 2004 516 esse
2047 453 2423 536 eloquentes;

168 540 338 603 illud
392 542 617 611 verius,
678 559 870 620 neque
921 559 1278 621 quemquam
1317 543 1382 601 in
1422 559 1494 602 eo
1525 541 1810 602 disertum
1843 559 1972 602 esse
2000 558 2176 621 posse
2199 588 2215 616 ‚
2267 541 2425 622 quod

173 627 453 696 nesciat,
497 644 718 706 neque,
763 627 814 687 si
843 628 1062 707 optime
1091 628 1237 688 sciat
1264 629 1624 706 ignarusque
1652 628 1730 687 sit
1758 626 2070 689 faciundae
2101 643 2169 687 ac
2199 625 2425 705 polien-

178 713 304 775 dae
329 713 634 783 orationis,
667 711 886 773 diserte
922 712 984 773 id
1012 714 1237 792 ipsum,
1271 712 1344 773 de
1373 731 1491 792 quo
1520 713 1683 782 sciat,
1714 730 1891 792 posse
1920 712 2140 773 dicere.
2201 707 2597 783 Quam-1564

179 797 439 867 obrem,
485 798 535 857 si
575 798 708 877 quis
744 798 1079 858 universam
1122 805 1181 858 et
1220 799 1522 878 propriam
1556 799 1811 858 oratoris
1839 799 1955 858 vim
1988 797 2233 858 definire
2264 815 2426 859 com·

178 882 493 964 plectique
535 881 683 953 vult,
738 883 789 942 is
837 889 1039 944 orator
1081 884 1195 943 erit
1231 901 1364 944 mea
1405 883 1695 943 sententia
1726 883 1841 944 hoc
1871 891 1992 944 tam
2022 883 2187 961 gravi
2215 883 2429 962 dignus

180 969 469 1038 nomine,
525 969 653 1046 qui,
712 985 1118 1048 quaecumque
1163 986 1263 1029 res
1300 968 1607 1043 inciderit,
1659 986 1809 1049 quae
1849 969 1926 1029 sit
1953 967 2211 1029 dictione
2241 966 2426 1048 expli-

185 1052 386 1114 canda
405 1099 422 1123 ,
464 1052 792 1133 prudenter
833 1060 892 1113 et
930 1055 1253 1134 composite
1300 1060 1360 1114 et
1398 1061 1606 1114 ornate
1642 1060 1703 1114 et
1728 1052 2075 1115 memoriter
2105 1052 2264 1115 dicet
2292 1071 2428 1114 cum

185 1137 449 1219 quadam
474 1139 718 1198 actionis
741 1139 916 1199 etiam
947 1138 1248 1218 dignitate.
1296 1138 1401 1199 Sin
1431 1140 1687 1218 cuipiam
1717 1139 1893 1200 nimis
1930 1138 2227 1199 infinitum
2265 1138 2426 1199 vide·
2470 1138 2539 1192 65

185 1233 326 1293 tur,
367 1222 526 1302 quod
555 1225 635 1284 ita
664 1225 836 1303 posui
865 1225 1258 1305 ‘quacumque
1288 1223 1362 1285 de
1390 1225 1497 1294 re',
1541 1223 1681 1284 licet
1708 1224 1849 1285 hinc
1896 1231 2182 1304 quantum
2214 1226 2428 1305 cuique

186 1306 493 1370 videbitur
521 1307 906 1370 circumcidat
934 1318 1108 1391 atque
1138 1315 1429 1389 amputet,
1474 1316 1675 1370 tamen
1703 1307 1850 1369 illud
1880 1307 2128 1381 tenebo,
2160 1309 2243 1380 si,
2276 1328 2429 1390 quae

191 1394 416 1456 ceteris
454 1395 518 1454 in
558 1392 786 1455 artibus
824 1403 925 1456 aut
952 1394 1161 1455 studiis
1189 1396 1300 1456 sita
1328 1400 1495 1465 sunt,
1539 1402 1741 1456 orator
1768 1395 2032 1473 ignoret,
2080 1401 2428 1475 tantumque

192 1498 266 1541 ea
296 1485 519 1550 teneat,
551 1498 701 1560 quae
730 1481 939 1541 sintin
969 1479 1492 1559 disceptationibus
1521 1486 1696 1560 atque
1723 1480 1787 1540 in
1819 1499 1928 1540 usu
1957 1479 2197 1549 sorensi,
2227 1486 2429 1541 tamen

190 1565 291 1626 bis
333 1563 407 1624 de
446 1563 627 1625 rebus
665 1566 809 1644 ipsis
837 1567 889 1626 si
918 1568 995 1626 sit
1022 1567 1078 1626 ei
1107 1565 1424 1627 dicendum
1440 1612 1455 1636 ,
1502 1582 1635 1626 cum
1675 1565 2020 1643 cognoverit
2061 1564 2135 1625 ab
2166 1565 2281 1636 eiS,
2327 1566 2430 1645 qui

191 1656 430 1719 tenent,
482 1667 634 1730 quae
684 1652 803 1711 sint
851 1652 913 1710 in
965 1669 1197 1731 quaque
1239 1669 1309 1711 re
1334 1700 1350 1722 ,
1405 1649 1591 1711 multo
1621 1657 1921 1711 oratorem
1950 1648 2192 1720 melina,
2249 1668 2429 1729 quam

192 1737 360 1816 ipsos
385 1733 518 1796 illos
546 1754 798 1815 quorum
830 1755 935 1797 eae
962 1738 1084 1797 sint
1111 1744 1297 1808 artes,
1342 1752 1472 1796 esse
1502 1735 1819 1796 dicturum.
1877 1733 1965 1796 Ita
1992 1736 2044 1794 si
2073 1733 2148 1795 de
2177 1753 2245 1795 re
2272 1733 2426 1794 mili·
2470 1747 2541 1800 66

193 1822 314 1882 tari
341 1819 655 1881 dicendum
696 1821 835 1882 huic
864 1823 981 1882 erit
1008 1820 1294 1901 Sulpicio,
1341 1828 1589 1902 quaeret
1626 1840 1662 1882 a
1693 1821 1756 1882 C.
1787 1821 1974 1883 Mario
2015 1819 2194 1880 adfini
2222 1826 2429 1881 nostro

193 1913 257 1967 et
272 1952 289 1975 ,
337 1922 471 1965 cum
513 1908 843 1986 acceperit,
885 1909 967 1967 ita
1005 1906 1440 1987 pronuntiabit,
1497 1912 1563 1967 ut
1599 1907 1714 1987 ipsi
1760 1906 1824 1969 C.
1866 1905 2054 1967 Mario
2096 1923 2288 1984 paene
2329 1904 2429 1966 hic

187 1990 438 2061 melius,
491 2008 668 2070 quam
719 1992 873 2071 ipse,
925 1991 1025 2052 illa
1076 1993 1240 2057 scire,
1259 1991 1555 2063 videatur;
1598 1993 1690 2052 sin
1723 1991 1796 2052 de
1825 1993 1955 2052 iure
1998 1989 2183 2063 civili,
2228 1997 2429 2053 tecum

190 2075 658 2138 communicabit
695 2084 873 2157 teque
902 2078 1204 2138 hominem
1250 2077 1777 2156 prudentissimum
1822 2083 1884 2137 et
1910 2077 2333 2156 peritissimum
2361 2078 2426 2137 in

192 2163 286 2224 eis
312 2163 455 2241 ipsis
483 2160 664 2222 rebus
685 2208 702 2232 ,
755 2180 900 2242 quas
930 2161 1035 2224 abs
1062 2170 1123 2224 te
1156 2162 1460 2235 didicerit,
1513 2162 1749 2223 dicendi
1799 2168 1926 2222 arte
1956 2159 2291 2241 super-abin
2334 2162 2425 2221 sin
2469 2169 2538 2221 67

192 2344 363 2397 neque
396 2345 514 2382 vero
548 2332 601 2381 in
633 2331 752 2381 dem
778 2329 904 2382 Sinn
939 2348 1043 2383 von
1067 2333 1161 2383 sed
1198 2349 1262 2383 zu

1364 2330 1438 2398 (ΙΙ
1464 2331 1554 2393 10,
1579 2341 1648 2383 41.
1696 2332 1766 2383 111
1791 2329 1884 2394 36,
1912 2329 2040 2396 145);
2080 2329 2220 2381 nicht
2242 2344 2449 2397 propo-‚

194 2399 415 2452 nehmen
433 2399 556 2465 geht
574 2399 707 2451 doch
726 2399 865 2450 nicht
887 2415 970 2451 an.
1000 2402 1148 2451 Wird
1168 2417 1263 2452 nur

1363 2402 1463 2464 sui,
1484 2402 1578 2450 wie
1602 2400 2040 2466 dieVulgatlesart
2061 2400 2156 2458 ἱείς
2183 2400 2318 2450 denn
2337 2401 2430 2451 das

27 4299 32 4330 l

194 2470 291 2520 der
320 2467 491 2519 rechte
514 2470 621 2519 Tou
660 2467 754 2518 aut*
770 2470 1050 2520 medicinae
1072 2471 1258 2534 gelegt‚

195 2553 258 2589 so
291 2536 422 2587 fehlt
454 2552 574 2586 man
608 2535 739 2586 auch
783 2537 972 2601 soron,
1016 2538 1138 2588 dass
1180 2537 1264 2587 die

193 2607 378 2656 Worte
387 2619 489 2655 non
501 2606 820 2667 eloquentiae
831 2604 1264 2672 nachschleppen-

197 2676 292 2726 der
314 2674 497 2724 Zusatz
519 2673 653 2723 sind.

266 2750 334 2792 63.
353 2742 546 2807 Atque,
578 2740 701 2791 ‘und
724 2742 774 2790 in
803 2740 971 2791 dieser
992 2738 1260 2803 Hinsicht’‚

262 2809 579 2876 probabilius
618 2809 710 2858 hat
753 2807 897 2859 mehr
936 2809 1036 2859 den
1077 2808 1261 2860 Schein

196 2880 290 2930 der
318 2877 607 2940 Wahrheit,
643 2877 776 2928 ohne
803 2876 992 2941 jedoch
1023 2877 1162 2928 wahr
1196 2894 1261 2928 zu

198 2962 330 3001 sem.

269 3016 439 3067 dicere
469 3014 667 3065 solebat
697 3013 830 3064 Xen.
865 3013 1018 3064 Mem.
1043 3015 1115 3064 IV
1150 3012 1210 3073 6,
1237 3023 1260 3064 1

200 3073 509 3149 Σωκράτης
540 3075 650 3149 γὰρ
689 3072 822 3142 τοὺς
839 3075 974 3161 ,μὲν
1010 3074 1258 3148 εἰδότας,

198 3151 263 3203 τί
289 3146 526 3203 ἕκαστον
562 3148 653 3216 εἴη
688 3149 799 3202 τῶν
833 3166 1015 3202 οντων
1038 3142 1260 3218 ἐνόμιζε

199 3216 298 3302 aa}
327 3222 444 3279 τοῖς
472 3208 663 3277 ἄλλοις
688 3206 762 3270 ἂν
788 3209 1144 3299 ἐξηγεῖσθαι.

199 3303 670 3417 ..ι’ἕιῗῗῖῗὲἕῇιῖἶ
703 3286 948 3416 ἐὲὲᾱςῖἓ
960 3285 1260 3419 Ἇῗιζὲοὲἒῖ

198 3422 409 3476 braucht
431 3423 573 3473 wird.
599 3420 631 3488 S
656 3421 741 3472 75.

202 3493 538 3611 &faciundae
561 3507 625 3541 ae
642 3491 916 3556 poliendae
941 3491 986 3539 11
1011 3488 1072 3557 9,
1095 3498 1164 3541 36.
1190 3492 1262 3541 III

283 3598 298 3620 ‚
326 3568 415 3613 184.

270 3626 358 3692 15,
390 3636 461 3679 64.
515 3629 573 3677 In
607 3627 774 3678 dieser
817 3625 1089 3677 Definition
1134 3626 1263 3677 fasst

205 3697 417 3749 Crassus
450 3696 543 3746 das
578 3694 839 3745 ffinffacbe
875 3695 1134 3760 negotium
1168 3695 1258 3745 des

203 3766 432 3817 Redners
444 3778 757 3814 zusammen.
781 3764 921 3830 ‘Einl.
937 3765 982 3813 ΙΙ
999 3759 1030 3830 S
1050 3762 1110 3813 5:
1130 3780 1260 3828 pru-

203 3837 383 3887 denter
403 3833 495 3881 mit
510 3831 778 3898 geboriger
795 3830 1117 3894 Sachkunde‚
1136 3830 1258 3897 geht

202 3901 297 3953 auf
322 3902 402 3951 die
432 3900 684 3958 inventi&
718 3902 992 3965 composite
1025 3896 1148 3964 §48
1169 3897 1263 3949 auf

204 3971 289 4021 die
310 3968 567 4020 collocatio
592 3969 699 4019 und
723 3976 905 4020 ornate
937 3968 1031 4017 auf
1049 3969 1131 4018 die
1156 3968 1262 4018 elo-

207 4038 353 4092 cutio.

272 4114 337 4156 65.
351 4107 519 4172 posui,
533 4106 630 4154 wie
650 4105 734 4155 die
751 4104 935 4155 beiden
954 4104 1055 4155 Erl.
1076 4103 1261 4165 haben,

209 4173 345 4226 ‘dass
374 4173 456 4223 ich
488 4173 623 4223 mich
657 4175 787 4224 eben
830 4187 888 4222 so
922 4173 1266 4238 ausgedriickt

210 4243 330 4294 oder
361 4242 481 4293 dass
514 4241 599 4291 ich
642 4243 769 4294 eben
802 4239 1077 4307 behauptet
1108 4238 1260 4290 habe‘

1362 2470 1538 2520 wiirde
1559 2468 1791 2520 heissen:
1832 2468 1952 2518 dass
1976 2467 2058 2517 ich
2084 2468 2169 2517 die
2192 2468 2430 2533 Aufgabe

1363 2536 1568 2603 gestent
1599 2536 1756 2598 habe,
1792 2535 2035 2586 wahrend
2071 2534 2284 2586 Crassus
2320 2535 2432 2586 hier

1363 2621 1462 2655 nur
1486 2605 1570 2654 die
1592 2604 1936 2655 betreffeuden
1950 2601 2128 2653 Worte
2144 2602 2430 2656 wiederbo-

1364 2673 1449 2723 len
1473 2673 1592 2723 will.
1641 2672 1782 2725 Brut.
1807 2671 1902 2730 45,
1928 2679 2020 2722 165.

1359 2736 2431 2860 τῦὶῗῗῐιιὲιιιιβῧαζῑιζωιιιιὲἰῐθΐᾶῗιῗιιὸηοὲξνῖεξίι·

1362 2879 1531 2928 seiner
1551 2878 1709 2940 Fran,
1746 2876 1838 2926 der
1868 2876 2061 2926 andern
2086 2874 2305 2926 Tochter
2339 2876 2430 2927 des

1360 2948 1429 2997 M.
1467 2945 1686 2996 Scfivola
1716 2948 1896 3009 Augur
1938 2943 2268 3004 verheiratet,
2319 2944 2429 2995 also

1361 3016 1473 3066 sein
1500 3013 1773 3078 Schwager
1794 3005 1927 3063 war?

1432 3092 1616 3144 tecum,
1643 3081 1775 3132 Einl.
1803 3084 1821 3131 1
1848 3078 1879 3146 S
1905 3079 1996 3143 14,
2022 3088 2115 3130 163.

1427 3160 1495 3201 67.
1531 3150 1625 3200 Die
1647 3149 1860 3200 Per-iode
1889 3149 1959 3198 ist
1990 3149 2082 3197 mit
2104 3148 2194 3198 der
2216 3162 2427 3199 vorans-

1360 3218 1632 3285 gehenden
1658 3217 1797 3267 nicht
1819 3231 1953 3282 ganz
1978 3216 2226 3270 conform.
2288 3216 2431 3266 Nach

1361 3285 1743 3337 communicarit
1754 3292 1984 3335 erwartet
1995 3298 2113 3333 man
2131 3282 2283 3348 (nach
2294 3284 2430 3333 Ana—

1360 3355 1497 3420 logie
1516 3369 1616 3404 von
1646 3361 1695 3403 et
1711 3352 2062 3420 pronuntiabit
2078 3367 2131 3401 u.
2152 3362 2201 3401 et
2218 3366 2429 3417 supera-

1362 3420 1464 3488 bit)
1489 3421 1688 3473 einfach
1713 3429 1764 3471 et
1787 3420 2001 3483 efficiet,
2036 3427 2094 3470 ut
2117 3419 2253 3469 dicat
2277 3433 2426 3469 orna-

1360 3492 1488 3552 tiuS,
1518 3508 1567 3555 q.
1593 3491 1630 3541 i.
1652 3491 1685 3541 i.
1704 3506 1755 3540 u.
1775 3504 1818 3539 c.
1844 3485 2091 3553 (nfimlich
2113 3486 2430 3551 Pompeius).

1364 3559 1497 3610 Statt
1505 3559 1690 3609 dessen
1705 3554 2157 3608 schliesstGrassus
2167 3570 2231 3604 an
2245 3569 2428 3607 comm.

1361 3626 1529 3692 gleich
1553 3626 1652 3676 den
1688 3624 2141 3676 abschliessenden
2164 3622 2426 3688 allgemei·

1363 3711 1464 3745 nen
1490 3694 1638 3754 San,
1666 3693 1801 3743 ohne
1825 3700 1928 3742 erat
1952 3690 2227 3758 speciei!
2255 3707 2318 3741 zu
2347 3706 2424 3741 er-

1359 3763 1602 3822 wfihnen,
1639 3762 1758 3812 dass
1784 3761 1876 3811 der
1897 3758 2111 3825 gehon-ig
2134 3759 2428 3810 instruierte

1357 3832 1563 3883 Redner
1596 3828 1728 3881 auch
1764 3829 1884 3879 den
1907 3826 2347 3891 Philosophen
2371 3828 2427 3879 in

1358 3900 1448 3950 der
1458 3898 1780 3963 Darstellung
1789 3895 2088 3947 iibertreffen
2103 3896 2293 3946 werde:
2307 3896 2426 3947 ‘Wo

1364 3969 1488 4018 aber
1514 3965 1739 4016 ethische
1762 3965 1959 4029 Fragen
1981 3965 2333 4024 vorkommen,
2359 3965 2426 4016 da

1364 4050 1486 4101 mag
1507 4034 1616 4084 sich
1635 4035 1724 4083 der
1733 4032 1936 4083 Redner
1950 4031 2205 4083 vielleicbt
2223 4033 2424 4096 einmal,

1364 4118 1512 4153 wenn
1538 4118 1592 4152 er
1608 4116 1664 4151 es
1683 4101 1986 4166 surgeraten
2010 4099 2131 4162 halt,
2148 4101 2240 4151 mit
2259 4101 2423 4152 einem

1362 4170 1620 4235 tuchtigen
1633 4169 1975 4257 Philosophen
1996 4170 2027 4219 b
2039 4184 2067 4217 e
2078 4185 2110 4219 n
2124 4168 2193 4219 eh
2206 4184 2258 4218 m
2272 4185 2300 4219 e
2310 4185 2345 4220 n
2358 4196 2423 4207 —
2480 4167 2485 4174 '

1364 4229 1781 4292 ἀνακοινώσαιτ
1829 4255 1904 4293 αν
1916 4264 1977 4276 -
1993 4253 2006 4289 ε
2031 4238 2124 4290 das
2139 4238 2265 4291 wird
2281 4253 2336 4288 er
2339 4238 2419 4304 je·
