2930 4693
892 162 989 223 DE
1030 161 1384 224 ORATORE
1428 163 1483 224 Π
1524 165 1624 224 49.
1663 170 1786 223 200.
2314 170 2439 234 165

212 337 408 397 iustas
433 339 636 393 tamen
664 330 845 392 fuisse
875 329 1185 392 nonnullas
1215 340 1274 392 et
1302 349 1490 411 prope
1518 335 1900 395 necessarias.
1959 334 2111 395 Tum
2139 334 2255 406 illa,
2288 350 2439 416 quae

216 419 404 482 modo
435 419 680 479 Crassus
708 415 1237 488 commemorabat,
1294 417 1418 495 egi;
1473 434 1665 498 neque
1716 416 1887 497 reges
1927 438 2014 480 ex
2056 420 2167 480 hac
2205 421 2438 482 civitate

224 505 384 582 exigi
421 518 612 581 neque
642 499 910 562 tribunos
937 499 1125 579 plebis
1154 503 1344 562 creari
1375 518 1565 581 neque
1588 501 1909 581 plebiscitis
1931 505 2148 565 totiens
2169 504 2438 566 consula-

223 606 357 650 rem
384 593 732 669 potestatem
763 586 949 645 minui
992 602 1181 665 neque
1222 588 1727 665 provocationem,
1769 595 2078 667 patronam
2106 586 2270 649 illam
2300 590 2439 649 civi-

222 674 364 734 tatis
393 690 462 733 33
491 671 783 731 vindicem
813 669 1115 740 libertatis,
1147 670 1366 750 populo
1394 671 1662 732 Romano
1690 672 1819 732 dari
1847 675 1977 734 sine
2005 673 2289 734 nobilium
2319 673 2438 735 dis·

218 758 503 818 sensione
532 752 819 835 potuisse:
852 771 937 824 ac,
968 755 1020 814 si
1046 753 1182 815 illae
1211 754 1529 816 seditiones
1557 754 1730 819 saluti
1759 757 1896 818 huic
1926 759 2144 818 civitati
2173 758 2435 829 fuissent,

220 859 349 903 non
381 842 691 911 continuo,
734 841 785 898 si
811 841 944 919 quis
982 846 1176 900 motus
1204 839 1407 919 populi
1438 841 1625 902 factus
1656 849 1835 913 esset,
1877 842 1939 903 id
1971 843 2033 904 C.
2064 842 2391 903 Norbano·
2374 860 2437 903 ln

222 925 457 993 nefario
488 926 734 985 crimine
765 924 939 1003 atque
966 925 1028 983 in
1072 923 1280 985 fraude
1318 924 1556 1005 capitali
1597 944 1725 988 esse
1766 927 2126 1006 ponendum.
2218 927 2440 999 Quodsi

221 1028 506 1089 umquam
536 1008 755 1088 populo
784 1009 1046 1069 Romano
1077 1026 1421 1070 concessum
1452 1017 1632 1081 esset,
1674 1017 1741 1071 ut
1767 1013 1897 1072 iure
1927 1013 2251 1073 concitatus
2278 1012 2439 1072 vide-

224 1102 395 1156 retur
426 1093 504 1172 (id
532 1094 689 1173 quod
719 1092 1001 1153 docebam
1032 1111 1209 1173 saepe
1237 1112 1366 1154 esse
1396 1096 1790 1176 concessum),
1824 1094 2040 1157 nullam
2071 1095 2172 1157 1113
2199 1114 2440 1157 causam

222 1180 534 1241 iustiorem
575 1178 772 1239 fuisse.
861 1178 1010 1238 Tum
1054 1196 1288 1239 omnem
1330 1181 1659 1240 orationem
1701 1180 1938 1241 traduxi
1978 1188 2036 1241 et
2082 1183 2347 1241 converti
2375 1182 2439 1241 in

222 1262 650 1342 increpandam
675 1262 982 1341 Caepionis
1010 1262 1225 1341 fugam,
1256 1264 1319 1324 in
1343 1262 1767 1343 deplorandum
1793 1267 2097 1326 interitum
2125 1268 2436 1326 exercitus

222 1349 327 1409 Sic
356 1355 417 1407 et
446 1362 651 1408 eorum
681 1344 973 1417 dolorem,
1026 1349 1125 1427 qui
1166 1347 1446 1426 lugebant
1484 1367 1649 1419 3303,
1702 1352 1967 1410 oratione
1998 1350 2349 1411 refricabam
2381 1356 2442 1409 et

228 1434 458 1493 animos
487 1432 749 1510 equitum
787 1432 1205 1499 Romanorum,
1246 1433 1401 1512 apud
1432 1451 1581 1512 quos
1609 1440 1732 1493 tum
1764 1434 1989 1495 iudices
2019 1453 2194 1496 causa
2226 1434 2438 1514 ageba-

224 1524 356 1586 tur,
409 1515 480 1576 ad
522 1517 593 1588 Q.
625 1517 936 1594 Caepionis
966 1517 1195 1587 odium,
1242 1536 1273 1577 3
1315 1536 1430 1597 quo
1474 1526 1644 1579 erant
1670 1520 1783 1596 ipsi
1815 1526 2060 1598 propter
2087 1519 2305 1580 iudicia
2334 1518 2438 1579 ab·

228 1601 482 1669 alienati,
515 1599 868 1661 renovabam
901 1609 1075 1681 atque
1103 1600 1469 1662 revocabam.
1527 1602 1698 1674 Quod
1723 1602 1828 1663 ubi
1856 1605 2013 1663 sensi
2041 1622 2137 1664 me
2165 1605 2227 1662 in
2257 1620 2391 1682 pos·
2406 1596 2492 1668 49
2505 1607 2608 1661 200

227 1687 549 1747 sessionem
578 1685 782 1746 iudicii
811 1703 879 1745 ac
921 1685 1279 1747 defensionis
1318 1702 1485 1747 meae
1526 1688 1884 1758 constitisse,
1940 1689 2097 1768 quod
2139 1695 2199 1748 et
2238 1686 2442 1766 populi

226 1768 697 1830 benevolentiam
736 1771 885 1830 mihi
925 1769 1334 1841 conciliarem,
1389 1773 1555 1833 cuius
1602 1773 1695 1832 ius
1737 1773 1912 1832 etiam
1956 1791 2092 1834 cum
2136 1772 2441 1832 seditionis

227 1856 642 1915 coniunctione
686 1854 1096 1925 defenderam;
1151 1863 1211 1916 et
1248 1856 1508 1916 iudicum
1552 1857 1779 1918 animos
1810 1863 1962 1917 totos
1987 1856 2081 1917 vel
2110 1856 2440 1917 calamitate

225 1939 481 1999 civitatis
507 1938 596 1998 vel
637 1938 797 2000 luctu
839 1957 909 1999 ac
945 1939 1240 2001 desiderio
1283 1941 1750 2021 propinquorum
1789 1941 1880 2001 vel
1920 1941 2055 2002 odio
2094 1943 2337 2022 proprio
2375 1942 2441 2000 13

225 2023 584 2101 Caepionem
615 2023 685 2083 ad
717 2042 950 2085 causam
984 2031 1242 2085 nostram
1274 2033 1710 2096 converteram,
1751 2033 1893 2086 tunc
1936 2027 2262 2087 admiscere
2301 2024 2440 2086 huic
2495 2020 2498 2025 ’

224 2109 437 2185 generi
458 2108 738 2168 orationis
760 2109 1091 2169 vehementi
1114 2118 1287 2189 atque
1317 2113 1504 2171 atroci
1533 2128 1718 2189 genus
1743 2110 1890 2172 illud
1922 2110 2188 2178 alterum,
2221 2109 2293 2170 de
2323 2126 2441 2189 quo

214 2192 366 2252 ‘ante
391 2190 691 2272 disputavi,
723 2191 978 2253 lenitatis
1002 2201 1060 2254 et
1081 2194 1546 2256 mansuetndinis
1576 2197 1770 2275 coepi:
1806 2213 1900 2256 me
1931 2213 2042 2274 pro
2072 2213 2203 2255 meo
2235 2192 2438 2263 sodali,

224 2277 330 2357 qui
355 2277 547 2337 mihi
530 2294 592 2336 m
620 2276 879 2338 liberum
908 2277 1038 2339 loco
1068 2297 1236 2339 more
1262 2282 1552 2340 maiorum
1596 2298 1724 2340 esse
1764 2279 2036 2351 deberet,
2079 2287 2141 2339 et
2169 2296 2279 2360 pro
2309 2295 2441 2338 mea

295 2488 385 2530 199.
425 2481 615 2539 iustas,
647 2477 679 2546 8
708 2478 821 2529 124.
853 2483 1281 2545 provocationem,

223 2546 301 2597 als
316 2548 585 2613 Aurufung
605 2548 695 2597 der
714 2547 952 2599 hochstet}
971 2551 1171 2600 lastanz
1191 2549 1282 2599 033

222 2616 418 2665 Volkes
462 2616 626 2666 durch
673 2616 820 2665 einen
863 2616 1077 2680 Bur-ger,
1125 2618 1286 2666 damit

223 2683 385 2734 durch
430 2684 615 2734 (133333
656 2682 846 2734 11ὃ11333
882 2685 1133 2733 Αυιοτίιὸζι
1169 2685 1282 2733 eine

221 2765 388 2816 gegen
421 2752 508 2800 ihn
544 2766 643 2801 von
679 2753 843 2800 einem
870 2751 1157 2815 Magistrate
1188 2767 1283 2801 311-

221 2818 497 2883 geordnete
523 2819 793 2883 Massregel
819 2818 1138 2883 ausgehoben
1161 2820 1283 2870 oder

220 2887 529 2949 wenigstens
554 2886 927 2950 aufgeschoben
954 2891 1135 2937 werde.

288 2954 602 3016 refricabam
639 2979 711 2989 —
752 2954 815 3003 de
858 2955 954 3019 leg.
991 2969 1096 3019 agr.
1145 2962 1279 3004 cont.
1331 2990 1335 2992 Α

221 3020 544 3081 Ru11.11[2‚4
567 3036 628 3070 ne
648 3030 736 3070 aut
754 3021 989 3071 refricare
1009 3023 1279 3073 obductam

220 3088 323 3138 1313
348 3088 657 3153 reipublicae
678 3090 959 3140 cicatricem
987 3091 1201 3140 viderer.

288 3157 592 3206 renovabam
632 3165 784 3222 acque
826 3158 1121 3208 revocabam
1136 3196 1149 3213 ,
1197 3156 1280 3207 ich

220 3223 403 3274 suchte
435 3224 529 3273 331·
554 3224 652 3274 3113
686 3241 781 3274 nur
824 3227 1071 3290 mogliche
1106 3225 1281 3275 Weise

221 3306 324 3342 von
349 3291 540 3342 Neuem
570 3308 634 3342 zu
659 3292 849 3343 31311133
878 3292 995 3355 (wie
1020 3295 1148 3344 oben
1174 3307 1280 3343 tra-

221 3360 346 3410 duxi
382 3368 432 3409 et
455 3362 702 3416 converti,
740 3361 841 3425 vgl.
872 3363 935 3410 111
963 3359 1044 3417 30,
1074 3358 1198 3424 120),
1234 3377 1278 3412 3.

216 3426 403 3492 jedoch
425 3428 474 3478 d.
495 3429 613 3477 krit.
630 3428 866 3494 Anhang.
901 3429 973 3478 De
996 3430 1100 3480 lnv.
1129 3430 1171 3477 11
1202 3429 1281 3490 15,

218 3504 270 3544 ⁴9
291 3510 403 3544 nam
426 3508 528 3544 tum
553 3497 1284 3560 concediturcommuneqnid-

221 3563 340 3612 dam
362 3563 531 3613 dicere
555 3561 663 3626 (die
678 3564 1014 3629 Anbringung
1033 3566 1171 3613 eines
1184 3565 1281 3616 Ge·

219 3630 583 3695 meinplatzes)
605 3646 721 3680 cum
739 3656 795 3666 —-
813 3632 1056 3681 auditoris
1080 3634 1281 3683 animus

221 3710 498 3748 renovatur
520 3698 585 3748 ad
612 3713 685 3748 33.
714 3714 844 3761 quae
868 3711 1075 3750 restant.
1144 3713 1145 3718 ’

287 3765 372 3827 49,
396 3775 487 3816 200.
528 3765 674 3828 Quod
693 3767 800 3828 ubi,
825 3769 921 3817 wie
945 3768 1133 3830 quodsi
1154 3784 1204 3818 u.
1232 3771 1282 3819 ii.

221 3804 433 3884 Schultz
460 3833 491 3896 S
516 3833 634 3892 229,
664 3838 722 3885 Α.
748 3837 797 3886 5.

286 3902 342 3950 in
363 3904 730 3964 possessionem
754 3930 818 3940 —
840 3919 926 3953 um
952 3903 1001 3953 in
1025 3906 1282 3970 pregnan-

217 3975 297 4018 ter
319 3969 497 4020 Weise
523 3970 750 4036 zugleicb
777 3972 874 4021 den
894 3970 1194 4037 Uebergang
1219 3987 1283 4021 zu

216 4036 559 4103 bezeichnen,
612 4039 720 4089 3130
770 4041 1064 4104 pervenisse
1111 4042 1282 4103 ibique

218 4106 532 4158 constitisse.
593 4109 655 4156 Α.
698 4121 894 4158 3133313
933 4107 1040 4157 sich
1077 4108 1156 4158 bei
1192 4108 1282 4158 der

217 4173 488 4225 mislichen
521 4174 796 4241 Sachlage‚
828 4188 908 4225 wo
941 4176 1083 4226 Alles
1109 4187 1278 4242 gegen

1381 2481 1469 2531 ihu
1496 2497 1616 2545 war,
1644 2491 1747 2532 erst
1770 2482 1862 2532 033
1879 2483 2084 2532 Τ333313
2109 2481 2337 2542 erchem,
2362 2494 2441 2529 wo

1385 2565 1437 2598 er
1463 2549 1624 2599 festen
1652 2551 1779 2600 Fuss
1807 2551 1976 2600 sasseu
2002 2552 2209 2600 kountc.
2250 2549 2440 2605 iudt‘cz‘i,

1380 2618 1477 2667 das
1497 2619 1716 2683 anfmngs
1742 2633 1840 2667 von
1865 2620 1981 2667 dem
2007 2620 2205 2682 Gegner
2239 2615 2438 2680 (Sulpi-

1381 2687 1514 2742 cius)
1538 2700 1670 2750 ganz
1694 2686 1951 2751 occ-upiert
1971 2700 2090 2735 war.
2130 2683 2445 2747 defensionis

1381 2768 1537 2811 meae,
1574 2754 1638 2801 (13
1662 2752 1768 2802 31311
1794 2753 1887 2803 auf
1907 2754 2002 2802 den
2030 2760 2197 2802 ersten
2222 2751 2443 2801 Anblick

1383 2821 1470 2869 die
1491 2821 1653 2870 Sache
1678 2821 1776 2869 fast
1801 2820 1940 2870 nicht
1966 2820 2276 2885 verteidigen
2300 2819 2441 2871 11333.

1448 2889 1739 2942 vehementi,
1766 2886 1797 2953 S
1822 2888 1909 2939 73.
1933 2888 2051 2938 211.

1448 2957 1502 3005 in
1526 2956 1733 3006 tiberiam
1750 2954 2197 3008 loco—zunfichst
2216 2954 2441 3005 insoi'ern

1381 3024 1465 3074 die
1491 3023 1693 3074 sodales
1712 3025 2058 3075 alsGrenossen
2087 3026 2226 3074 einer
2248 3039 2300 3073 3.
2328 3024 2443 3073 der·

1381 3092 1557 3142 selben
1617 3093 2095 3158 Tempelgemeinde
2162 3090 2441 3157 gleichsam

1381 3160 1543 3209 durch
1590 3161 1668 3209 eiu
1722 3161 2100 3211 Familienbaud
2148 3159 2442 3210 verbunden

1381 3228 1528 3290 3111ος
1564 3253 1628 3263 --
1663 3226 1894 3289 3111111311,
1921 3228 2015 3277 wie
2038 3227 2168 3276 auch
2194 3229 2285 3277 das
2310 3227 2442 3276 Ver-

1380 3294 1568 3344 hiiltnis
1595 3296 1758 3356 03333,
1784 3296 1867 3344 die
1888 3310 1951 3344 zu
1977 3296 2140 3344 einem
2166 3295 2271 3344 und
2297 3294 2440 3343 dem-

1381 3365 1557 3412 selheu
1587 3362 1863 3427 Collegium
1903 3378 1948 3411 z.
1974 3362 2032 3412 B.
2069 3376 2320 3427 angurum
2350 3376 2441 3426 ge-

1383 3430 1588 3487 11631311,
1625 3431 1907 3495 aufgefasst
1931 3430 2052 3479 wird
2079 3429 2213 3478 Brut.
2241 3427 2287 3489 1,
2320 3437 2339 3477 1
2377 3443 2444 3477 ex

1384 3512 1486 3559 quo
1537 3511 1787 3563 augurum
1840 3499 2070 3547 instituto
2115 3500 2169 3546 in
2210 3499 2446 3561 parentis

1383 3581 1500 3615 eum
1526 3566 1623 3629 (sc.
1653 3564 1998 3627 Hortensium)
2021 3567 2132 3616 loeo
2157 3565 2321 3614 colere
2349 3565 2444 3613 deff

1385 3636 1577 3684 bebam.
1627 3634 1868 3684 Dasselbe
1900 3633 2006 3698 galt
2027 3635 2147 3682 aber
2170 3632 2301 3683 auch
2325 3648 2442 3682 vom

1382 3702 1674 3751 Verhiiltnis
1700 3702 1792 3751 des
1819 3702 1992 3760 Priitor
2016 3716 2085 3751 zu.
2105 3701 2294 3752 33111331
2308 3700 2446 3760 0311-

1382 3780 1513 3829 3103,
1550 3770 1617 3819 ad
1643 3770 1780 3819 Fam.
1806 3768 1924 3818 Xlll
1954 3767 2045 3830 lo,
2078 3777 2101 3818 1
2152 3770 2278 3820 Cum
2302 3768 2368 3818 ad
2394 3777 2444 3816 te

1382 3848 1502 3888 tuus
1551 3849 1788 3902 quaestor
1830 3836 2259 3902 proficisceretur,
2317 3835 2444 3885 satis

1384 3906 1796 3955 commendatum
1823 3906 1913 3953 tibi
1938 3919 2053 3954 eum
2078 3905 2354 3954 arbitrabar
2377 3904 2442 3953 ab

1382 3973 1660 4038 ipsoemore
1681 3974 1940 4037 maiorum,
1967 3973 2052 4036 qui
2065 4000 2128 4008 —
2141 3972 2272 4020 hanc
2289 3986 2445 4035 quae-

1381 4049 1553 4089 sturae
1593 4040 1995 4089 coniunctionem
2043 4040 2311 4091 liberorum
2356 4055 2443 4089 ne·

1381 4108 1679 4157 cessitudim‘
1730 4109 2023 4172 proximam
2081 4108 2254 4157 volunt
2309 4122 2440 4159 3333.

1381 4175 1499 4225 Div.
1522 4175 1574 4224 in
1593 4174 1652 4235 Q.
1675 4175 1822 4227 Caec.
1845 4173 1925 4238 19,
1948 4184 1998 4226 61
2021 4175 2098 4227 sic
2120 4176 2255 4227 enim
2278 4190 2311 4225 3
2333 4190 2445 4225 ma-
