2930 4693
863 222 962 284 un
1004 221 1361 285 onAronE
1407 224 1460 285 11
1502 222 1603 315 52.
1648 230 1957 285 332—334.

2407 227 2532 291 211

299 391 588 471 quaedam
621 397 713 451 est
741 389 873 452 eius
901 393 1205 460 orationis,
1248 410 1398 471 quae
1429 392 1504 453 ad
1544 391 1914 472 probandam
1958 395 2534 471 argumentationem

297 476 468 537 valet.
556 476 640 536 Ea
680 481 879 536 autem
922 482 981 535 et
1022 477 1532 538 confirmationem
1576 483 1635 537 et
1687 479 2215 557 reprehensionem
2270 482 2531 557 quaerit;

297 560 403 620 sed
431 561 569 641 quia
597 576 792 639 neque
820 560 1202 640 reprehendi.
1235 579 1386 640 quae
1417 569 1625 622 contra
1656 561 1951 631 dicuntur,
1982 569 2247 640 possunt,
2292 565 2405 623 nisi
2433 570 2536 625 tua

296 644 643 712 confirmes,
694 661 888 723 neque
930 645 1077 704 haec
1118 647 1489 714 confirmari,
1541 647 1657 705 nisi
1693 645 1792 706 illa
1834 646 2257 726 reprehendas,
2309 646 2535 709 idcirco

295 729 445 789 baec
475 736 535 788 et
564 736 773 789 natura
805 735 866 789 et
892 728 1143 789 utilitate
1173 736 1232 789 et
1260 730 1612 790 tractatione
1642 732 1954 790 coniuncta
1986 738 2141 791 sunt.

468 812 682 874 Omnia
710 818 908 873 autem
940 830 973 872 c
986 832 1022 872 o
1035 831 1074 872 n
1089 811 1205 873 clu
1219 814 1256 874 d
1272 832 1304 874 e
1319 831 1357 873 n
1372 813 1411 874 d
1425 832 1456 874 a
1500 813 1853 894 plerumque
1893 814 2074 875 rebus
2112 815 2400 894 augendis
2441 815 2534 877 vel
2563 821 2668 874 332

293 895 719 957 inflammando
748 896 944 957 iudice
973 896 1064 956 vel
1088 897 1441 977 mitigando;
1476 900 1791 978 omniaque
1815 916 1947 959 cum
1972 899 2380 978 superioribus
2402 918 2535 961 ora-

293 982 475 1041 tionis
502 979 652 1041 locis
683 986 807 1041 tum
836 983 1091 1041 maxime
1121 989 1387 1043 extremo
1418 983 1492 1043 ad
1522 988 1755 1043 mentes
1788 982 2052 1043 iudicum
2074 1002 2252 1063 quam
2277 986 2535 1045 maxime

295 1065 727 1143 permovendas
756 1072 815 1125 et
845 1064 918 1126 ad
948 1065 1259 1127 utilitatem
1293 1074 1557 1127 nostram
1585 1067 1881 1128 vocandas
1912 1069 2275 1128 conferenda
2305 1076 2460 1129 sunt.

466 1149 672 1228 Neque
700 1167 842 1210 sane
869 1150 986 1210 iam
1021 1168 1197 1210 causa
1228 1151 1462 1212 videtur
1503 1169 1633 1211 esse
1674 1170 1782 1212 cur
1823 1168 2206 1213 secernamus
2247 1171 2317 1213 ea
2359 1170 2532 1232 prae·
2564 1157 2669 1211 333

294 1241 484 1312 cepta,
516 1250 669 1312 quae
698 1233 783 1294 de
813 1234 1303 1295 suasionibus
1331 1235 1620 1296 tradenda
1649 1243 1788 1296 sunt
1818 1244 1917 1296 aut
1946 1235 2533 1300 laudationibus

296 1318 449 1378 Sunt
477 1319 635 1378 enim
665 1316 949 1397 pleraque
981 1321 1346 1388 communia:
1390 1320 1496 1380 sed
1528 1328 1725 1380 tamen
1755 1320 2006 1380 suadere
2036 1320 2256 1400 aliquid
2285 1329 2386 1382 aut
2415 1322 2536 1383 dis-

292 1401 548 1463 suadere
577 1403 955 1480 gravissimae
984 1403 1133 1464 mihi
1164 1421 1293 1464 esse
1325 1423 1615 1482 personae
1646 1404 1893 1464 videtur.
1983 1405 2129 1464 Nam
2163 1414 2222 1465 et
2252 1407 2537 1484 sapientis

296 1493 387 1546 est
414 1485 727 1547 consilium
759 1486 1055 1567 explicare
1091 1505 1262 1549 suum
1287 1487 1360 1548 de
1384 1490 1655 1549 maximis
1678 1487 1858 1548 rebus
1880 1497 1940 1548 et
1972 1488 2208 1549 honesti
2230 1496 2289 1549 et
2308 1490 2534 1560 diserti,

296 1577 585 1631 utmente
606 1571 937 1649 providere,
969 1575 1317 1633 auctoritate
1339 1572 1616 1653 probare,
1649 1574 1917 1632 oratione
1940 1572 2301 1651 persuadere
2321 1576 2534 1653 possis.

463 1655 654 1734 Atque
683 1656 829 1716 haec
871 1657 934 1715 in
963 1664 1170 1716 senatu
1210 1658 1444 1717 minore
1488 1664 1772 1736 apparatu
1815 1656 2040 1734 agenda
2084 1666 2250 1726 sunt:
2298 1660 2538 1738 sapiens
2576 1644 2666 1717 82

295 1741 455 1799 enim
511 1746 600 1799 est
655 1739 965 1801 consilium
1015 1740 1331 1820 multisque
1387 1740 1515 1801 aliis
1566 1741 1805 1801 dicendi
1860 1740 2284 1820 relinquendus
2335 1742 2532 1812 locus:

291 1822 529 1884 vitanda
558 1825 734 1885 etiam
774 1825 1000 1903 ingenii
1039 1826 1449 1885 ostentationis
1488 1826 1753 1905 suspitio.
1844 1826 2053 1886 Contio
2096 1828 2253 1905 capit
2292 1827 2533 1887 omnem
2562 1832 2668 1889 33⁴

293 1908 412 1967 vim
442 1908 724 1969 orationis
755 1914 815 1968 et
842 1910 1187 1987 gravitatem
1216 1911 1677 1989 varietatemque
1708 1908 2022 1970 desiderat.
2082 1910 2242 1988 Ergo
2271 1913 2334 1971 in
2363 1929 2537 1972 sua·

295 1991 534 2052 dendo
565 1991 710 2052 nihil
738 2000 832 2053 est
861 1992 1177 2072 optabilius
1202 2012 1375 2073 quam
1402 1994 1686 2073 dignitas;
1720 2012 1856 2054 nam
1884 1996 1986 2073 qui
2008 1994 2321 2056 utilitatem
2345 2001 2534 2075 putat,

292 2258 408 2311 Stil.
435 2256 468 2326 S
491 2258 586 2317 63,
621 2269 665 2310 3.
698 2288 767 2296 —-
798 2269 852 2311 el
884 2265 1214 2323 tractatione,
1258 2263 1366 2313 und

294 2329 639 2394 ‘demgemiiss
664 2327 832 2380 auch)

360 2405 458 2448 332.
503 2399 773 2463 auyendt's.
820 2398 898 2448 als
930 2398 1233 2463 allgemeine
1264 2398 1362 2447 Be-

296 2464 585 2530 zeicbnuug
607 2465 699 2515 des
722 2466 1001 2515 besouders
1022 2467 1366 2531 gesteigerten

293 2532 596 2581 Ansdrucks
608 2548 660 2582 ιι.
672 2532 749 2582 als
767 2532 939 2582 solche
958 2533 1087 2582 auch
1103 2533 1186 2582 die
1196 2532 1367 2597 μείω-

295 2611 384 2659 σις
406 2600 498 2648 mit
517 2598 815 2649 nmfassencl
832 2598 1019 2664 (daher
1034 2599 1366 2664 miticrando).

294 2666 426 2717 Einl.
452 2667 498 2716 11
533 2661 564 2732 S
596 2665 672 2716 11.
749 2659 1080 2733 ἕπίλογός
1129 2638 1282 2719 gorm
1328 2657 1360 2717 ὁ

295 2725 391 2785 ἐπὶ
447 2738 570 2793 τοῖς
614 2726 1128 2814 ἀποδεδειχμένοις
1173 2726 1362 2800 λόγοις

294 2792 601 2881 λεγόμςνος
641 2794 1151 2878 πρὸςμυξησιν
1194 2789 1363 2881 ἢόρ;

291 2885 405 2987 Ξέἴ
414 2866 725 3016 ’ἑέανῗξοίἷ
763 2886 892 3003 3232
929 2868 1365 3015 23:333&

295 3016 390 3054 ow
420 3018 557 3069 οπερ
603 3005 1117 3070 ανακεφαλαίωσιν
1156 3005 1364 3056 καλου·

294 3086 427 3137 μεν,
470 3071 692 3137 Spengel
727 3072 854 3123 rhet.
891 3071 975 3123 Gr.
1001 3074 1058 3124 Τ.
1096 3075 1117 3123 1
1154 3089 1203 3137 p.
1239 3072 1358 3123 470.

295 3140 452 3187 Arist.
486 3138 614 3191 rhet.
649 3142 725 3189 111
758 3139 822 3191 19
868 3130 899 3191 ὃ
934 3131 1196 3206 ἐπίλογος
1230 3133 1363 3206 σύγ-

293 3220 481 3257 κειται
529 3232 606 3285 ''-
644 3199 706 3258 ἐκ
754 3205 855 3259 τοῦ
902 3199 1204 3273 αὐξῆσαι
1261 3204 1362 3258 καὶ

293 3288 329 3323 τ
340 3288 433 3324 απ
445 3288 472 3324 ε
487 3291 508 3324 ι
519 3291 554 3324 ν
566 3290 610 3323 ω
621 3287 654 3323 o
665 3290 703 3323 α
716 3291 756 3324 ι.

362 3348 459 3390 333.
504 3340 798 3405 Anhang:
848 3341 978 3390 Von
1029 3342 1163 3391 dem
1205 3358 1364 3407 qaum

295 3406 676 3459 deliberativum
729 3423 765 3456 u
778 3407 856 3456 nd
924 3410 1364 3460 demonstrativum

294 3474 775 3525 iusbesondere
798 3490 842 3525 c.
867 3471 952 3536 81,
979 3473 1208 3537 333-85,
1231 3486 1325 3527 350.

361 3542 483 3602 iam,
535 3557 640 3594 uun
673 3543 870 3599 weiter3
920 3543 1053 3592 denn
1087 3543 1181 3593 das
1213 3544 1365 3593 kaime

293 3611 445 3659 meist
469 3625 565 3660 nur
582 3608 678 3660 auf
689 3611 802 3660 eine
822 3608 1225 3676 Wiederholung
1246 3611 1360 3660 hin·

293 3692 416 3728 aus:
435 3678 677 3730 indessen
690 3677 808 3741 (sed
827 3675 1022 3740 tamen)
1041 3679 1235 3742 einiges
1249 3694 1363 3727 ver·

295 3745 437 3795 dient
469 3745 602 3808 doch
638 3747 709 3795 im
743 3746 1039 3796 Besondern
1081 3746 1160 3795 als
1187 3746 1364 3810 jedem

295 3813 387 3862 der
412 3812 592 3863 beiden
617 3828 737 3878 gen.
763 3811 1125 3879 eigentr‘imlich
1149 3812 1364 3863 hervor-

294 3879 529 3945 geboben
566 3896 629 3930 zu
654 3882 891 3944 werden3
925 3895 984 3931 so
1019 3889 1219 3932 erstens
1242 3877 1358 3931 hin·

295 3946 528 3997 sichtlich
554 3950 647 3998 des
671 3963 835 4013 genus
860 3949 1267 3999 deliberativum.

357 4018 690 4079 manissime
711 4032 989 4081 personae.
1014 4031 1134 4066 vom
1160 4016 1361 4067 Soban-

294 4083 507 4148 spieler,
544 4084 635 4132 der
671 4084 785 4132 eine
823 4084 916 4133 der
937 4083 1268 4149 Hauptrollen
1297 4100 1362 4132 zu

295 4150 644 4200 irbernehmen
677 4150 789 4210 hat,
828 4149 923 4200 auf
941 4151 1040 4200 den
1063 4152 1269 4201 Redner
1290 4152 1363 4201 im

294 4216 452 4267 Senat
508 4219 617 4268 und
674 4219 766 4269 der
818 4217 1365 4284 Volkoversammlung

1468 2264 1792 2325 iiber-tragon.
1863 2262 2037 2311 Davon
2072 2263 2219 2321 dass,
2268 2277 2353 2312 um
2386 2264 2458 2311 im
2480 2277 2535 2328 g.

1470 2330 1569 2380 del.
1596 2330 1849 2380 aui'treten
1888 2345 1953 2379 zu
1985 2329 2218 2393 konnen,
2264 2331 2356 2382 der
2377 2330 2540 2382 Natur

1470 2398 1561 2447 der
1593 2397 1755 2448 sache
1802 2397 1933 2446 nach
1979 2412 2074 2447 vor
2103 2399 2254 2448 allem
2288 2398 2537 2462 Einsicht,

1470 2464 1906 2528 Ehrenhai'tigkeit
1954 2465 2046 2515 des
2082 2465 2382 2516 Charakters
2430 2467 2540 2516 und

1468 2531 1954 2597 Redegewandtheit
1989 2534 2130 2598 notig
2155 2533 2236 2582 sei
2273 2531 2403 2597 (was
2428 2532 2536 2584 Cic.

1470 2600 1568 2650 den
1607 2603 1668 2649 A.
1715 2601 1807 2647 mit
1848 2599 2117 2663 richtigem
2152 2601 2282 2650 Takt
2325 2600 2403 2650 als
2452 2601 2538 2650 die

1461 2666 1788 2733 Hauptsache
1805 2667 2146 2716 voranstellen
2172 2666 2340 2731 lisst),
2364 2668 2536 2717 davon

1464 2749 1567 2784 war
1590 2736 1639 2783 iu
1666 2734 1764 2783 den
1784 2733 2163 2798 gewiihnlichen
2175 2734 2536 2785 Lehrbiichern

1465 2803 1557 2851 der
1581 2800 2021 2852 Schulrbetoriker
2046 2803 2197 2851 keine
2221 2804 2382 2853 Rede.

1532 2866 1616 2919 82.
1654 2870 1937 2931 consilium,
1963 2864 1994 2935 S
2024 2868 2138 2919 105.
2165 2871 2234 2919 111
2260 2868 2307 2931 1,
2331 2880 2372 2923 2.

1532 2945 1625 2987 334.
1666 2936 1872 2998 GontiO,
1907 2938 2093 2987 anders
2123 2938 2191 2988 ist
2225 2953 2279 2987 es
2303 2939 2398 2989 aul*
2417 2938 2534 2987 dem

1469 3007 1681 3054 zweiten
1706 3002 1917 3054 Gebiete
1942 3005 2033 3054 des
2058 3020 2222 3069 genus
2248 3006 2540 3055 deliberati·

1462 3087 1582 3121 vum
1606 3110 1618 3134 ‚
1644 3071 1737 3121 auf
1756 3073 1872 3122 dem
1898 3073 1990 3122 der
2010 3072 2313 3124 Volksrede.

1531 3142 1689 3205 capit,
1711 3143 1959 3205 verti-agn
1982 3141 2074 3189 der
2091 3140 2393 3190 Naebdruck
2413 3141 2538 3205 liegt

1464 3207 1560 3257 aur
1577 3221 1796 3256 omnem.
1846 3207 1983 3256 Part.
2010 3221 2082 3260 or.
2105 3207 2203 3268 22,
2227 3216 2280 3256 7⁷
2321 3208 2536 3257 altitudo

1464 3275 1621 3324 animi
1645 3276 1697 3323 in
1722 3275 1987 3339 capiendis
2011 3275 2349 3327 incommodis
2368 3276 2539 3324 maxi-

1465 3357 1650 3404 meque
1673 3342 1891 3390 iniuriis.

1479 3451 1484 3456 .
1535 3410 1709 3474 Ergo,
1744 3410 1811 3457 im
1837 3407 2141 3472 Uebergang
2174 3423 2240 3457 zu
2273 3408 2375 3457 deu
2399 3408 2538 3458 Vor-

1465 3477 1707 3526 schril'ten
1741 3478 1869 3525 uber
1900 3476 1996 3524 das
2039 3490 2162 3539 geu.
2193 3475 2348 3525 delib.
2380 3476 2535 3525 fiber-

1465 3545 1653 3609 haupt‚
1693 3545 1763 3593 111
1791 3542 1879 3602 10,
1914 3552 1982 3593 37.
2055 3542 2275 3606 Seyffert
2308 3541 2417 3592 sch.
2443 3543 2537 3593 lat.

1467 3627 1500 3678 p
1534 3680 1781 3745 dignita-3,
1807 3678 1892 3728 die
1915 3676 2072 3736 Elire,
2100 3677 2184 3726 die
2208 3678 2300 3734 das
2323 3676 2540 3729 hochste

1467 3749 1618 3798 Motiv
1646 3748 1754 3796 sein
1780 3761 1941 3807 muss,
1969 3741 2001 3810 S
2024 3744 2142 3796 207.

1535 3832 1649 3864 nam
1683 3825 1780 3863 etc.
1827 3813 1920 3863 Die
1955 3813 2249 3870 Annahme‚
2293 3813 2412 3864 dass
2444 3812 2540 3862 der

1463 3882 1659 3932 Vorteil
1706 3881 1759 3930 in
1805 3881 1955 3934 suad.
1991 3881 2068 3930 als
2102 3879 2343 3931 hochstes
2380 3879 2537 3931 Motiv

1463 3949 1673 4014 geltend
1695 3947 1931 4014 gemacht
1956 3949 2156 3998 werden
2182 3950 2379 4004 uniisse,
2419 3962 2536 3997 ver·
2577 3987 2584 3994 .

1464 4016 1704 4066 wechselt
1728 4016 1840 4078 das,
1868 4029 1971 4065 was
1995 4016 2087 4064 der
2109 4027 2294 4065 suasor
2316 4022 2445 4064 stets
2467 4030 2537 4065 an

1464 4083 1580 4133 sich
1614 4083 1691 4133 als
1724 4084 1822 4132 deu
1858 4083 2123 4133 absolut
2155 4082 2402 4133 hochsten
2436 4081 2537 4131 Ge-

1467 4150 1792 4216 sichtspunkt
1810 4152 1880 4198 im
1894 4151 2041 4215 Auge
2065 4150 2236 4200 haben
2256 4165 2416 4207 mnas,
2440 4151 2539 4199 mit

1467 4219 1604 4280 dem,
1628 4232 1733 4270 was
1758 4234 1812 4269 er
1834 4228 1982 4268 unter
2003 4217 2316 4270 Umstfinden
2346 4218 2540 4267 zuwei-
