2930 4693
320 333 406 408 14

330 774 406 827 52

445 168 574 234 242
1064 156 1165 220 DE
1206 154 1567 220 ommni-3
1601 155 1687 219 111
1732 156 1828 219 14.
1873 162 1962 215 62.
1989 162 2076 217 53.

620 327 799 408 Atqui
824 324 1005 396 vides,
1034 326 1230 405 inquit
1255 321 1652 395 An‘romus,
1681 342 1862 405 quam
1893 323 2039 386 alias
2067 342 2168 387 res
2195 342 2458 404 agamus,
2503 344 2692 406 quam

445 424 509 478 te
536 414 705 475 inviti
732 410 1069 480 audiamus,
1099 410 1202 489 qui
1230 408 1445 471 adduci
1473 410 1771 489 possimus
1801 410 1897 489 (de
1926 427 2024 470 me
2054 410 2215 470 enim
2238 410 2511 490 coniicio)
2544 410 2694 471 reli-

448 501 561 561 ctis
587 508 653 561 ut
682 496 863 558 rebus
902 493 1181 557 omnihus
1208 501 1268 555 te
1306 501 1640 564 sectemur,
1692 501 1755 554 te
1795 493 2134 564 audiamus3
2184 495 2268 555 ita
2305 494 2380 554 de
2424 494 2695 557 horridis

445 581 630 683 rebus
658 579 863 651 nitida,
915 579 991 641 de
1028 578 1242 640 ieiunis
1287 576 1463 657 plena
1479 624 1493 647 ,
1547 577 1623 638 de
1662 576 2023 658 pervulgatis
2066 596 2215 639 nova
2259 577 2552 657 quaedam
2601 585 2698 640 est

448 674 848 812 omnz'gffies
879 749 1058 817 enim,
1087 746 1366 826 inquit,
1398 744 1638 815 Antoni,
1684 752 1887 825 partes
1917 763 2025 807 eae
2053 745 2299 807 fuerunt
2329 746 2498 818 duae,
2544 764 2697 827 quas

446 835 628 900 modo
658 832 1009 916 percucurri
1036 829 1128 892 vel
1156 830 1354 909 potius
1381 847 1574 909 paene
1603 831 1906 910 praeterii,
1938 830 2147 892 Latine
2175 829 2466 911 loquendi
2484 829 2698 910 plane·

448 938 566 1002 que
620 917 886 986 dicendi;
941 914 1206 995 reliquae
1259 921 1400 975 sunt
1452 930 1724 993 magnae,
1776 913 2135 994 implicatae,
2186 917 2403 986 variae,
2458 933 2694 993 graveS,

364 1072 368 1077 ,
446 1003 664 1087 quihus
692 1002 887 1065 omnis
917 999 1230 1061 admiratio
1258 998 1516 1076 ingenii,
1547 999 1742 1060 omnis
1770 997 1900 1060 laus
1930 997 2303 1079 eloquentiae
2326 1001 2695 1060 continetur.

448 1091 640 1154 Nemo
672 1088 833 1149 enim
862 1102 1143 1163 umquam
1173 1089 1265 1144 est
1294 1090 1615 1153 oratorem,
1658 1082 1818 1163 quod
1849 1082 2059 1144 Latine
2088 1083 2459 1163 loqueretur,
2503 1083 2696 1144 admi-

450 1179 636 1235 ratus.
727 1171 789 1232 Si
818 1177 910 1230 est
938 1166 1139 1240 aliter,
1182 1166 1465 1237 irrident;
1510 1183 1705 1247 neque
1736 1186 1874 1229 eum
1916 1175 2217 1230 oratorem
2256 1167 2696 1238 tantummodo,

452 1255 558 1318 sed
587 1256 889 1317 hominem
923 1270 1045 1313 non
1073 1258 1302 1332 putant.
1390 1250 1580 1312 Nemo
1611 1250 1820 1313 extulit
1849 1269 1984 1313 eum
2016 1250 2232 1319 verbis,
2264 1254 2367 1331 qui
2396 1253 2482 1313 ita
2512 1252 2695 1313 dixis-

456 1348 567 1411 set,
608 1346 693 1410 ut,
738 1340 841 1419 qui
883 1337 1185 1407 adessent,
1239 1334 1657 1414 intellegerent
1785 1336 1842 1398 ‘d
1889 1335 2134 1408 diceret,
2188 1336 2295 1397 sed
2335 1338 2700 1417 contempsit

456 1443 613 1495 eum,
645 1425 748 1503 qui
776 1423 972 1484 minus
999 1420 1059 1481 id
1091 1421 1288 1482 facere
1317 1422 1625 1499 potuisset.
1701 1355 1928 1500 ¹{t'llquo
1956 1421 2141 1499 igitur
2170 1421 2445 1482 homines
2478 1421 2698 1483 exhor-

457 1508 740 1571 rescunt?
788 1525 967 1587 quem
1010 1504 1325 1585 stupefacti
1353 1503 1650 1565 dicentem
1680 1504 2027 1567 intuentur?
2068 1506 2132 1566 in
2161 1524 2280 1585 quo
2323 1504 2697 1567 exclamanti

457 1611 637 1675 quem
668 1593 864 1663 deum,
895 1598 962 1653 ut
988 1592 1069 1651 ita
1101 1589 1313 1659 dicam,
1343 1589 1504 1649 inter
1533 1587 1807 1650 homines
1833 1590 2081 1670 putant?
2123 1588 2238 1662 Qui
2267 1589 2565 1657 distincte,
2599 1590 2703 1670 qui

459 1677 765 1758 explicate,
809 1677 911 1756 qui
941 1673 1333 1743 abundanter,
1377 1673 1482 1752 qui
1507 1670 1837 1734 illuminate
1868 1681 1928 1734 et
1954 1672 2138 1735 rebus
2168 1681 2229 1735 et
2254 1673 2456 1735 verbis
2488 1674 2699 1736 dicunt

459 1771 520 1825 et
547 1763 610 1823 in
639 1763 767 1841 ipsa
800 1761 1068 1821 oratione
1096 1758 1265 1838 quasi
1293 1757 1937 1838 quendam.numerum
1972 1776 2327 1839 versumque
2349 1759 2700 1829 conficiunt,

460 1995 654 2047 Graeco
687 1992 846 2042 verbo
879 1991 1187 2056 significavit
1218 1990 1524 2056 περίεργον

461 2058 847 2127 (kleinlich).
895 2059 970 2109 XI
994 2059 1053 2118 3,
1076 2067 1128 2109 33
1160 2065 1218 2109 ut
1242 2070 1321 2108 est
1344 2073 1523 2108 neces·

458 2130 593 2181 saria
616 2129 886 2179 verborum
911 2127 1226 2193 explanatio,
1253 2127 1322 2176 ita
1346 2140 1525 2177 omnes

460 2199 715 2264 imputare
739 2204 789 2245 et
810 2195 949 2245 velut
972 2196 1306 2245 adnumerare
1330 2194 1524 2244 litteras

460 2265 734 2315 molestum
759 2270 809 2313 et
832 2263 1085 2314 odiosum.

536 2331 617 2382 14.
662 2333 827 2398 Atqui
863 2357 932 2370 -
971 2331 1130 2382 demit
1168 2335 1434 2381 antwortet
1462 2328 1526 2379 A.

462 2399 557 2451 auf
575 2400 669 2451 das
690 2399 907 2450 molesta
931 2408 981 2449 et
1002 2399 1180 2466 putida
1202 2399 1394 2449 viderit
1417 2396 1528 2449 und

464 2467 596 2519 doch
644 2466 775 2517 lehrt
820 2469 912 2518 der
957 2465 1346 2533 Augenschein,
1403 2465 1528 2516 dass

462 2536 593 2587 auch
616 2551 715 2587 uns
739 2536 898 2586 altere
921 2536 1063 2586 diese
1086 2534 1252 2600 Dinge
1273 2535 1344 2583 im
1367 2531 1531 2585 hoch-

464 2613 579 2656 sten
612 2602 776 2655 Grade
822 2604 1196 2655 interessieren.
1263 2604 1397 2652 alias
1441 2615 1531 2651 res

463 2688 693 2738 aymus,
718 2671 860 2722 Brut.
883 2669 969 2734 66,
992 2679 1087 2722 233.
1347 2736 1359 2749 ⁸

464 2756 680 2856 mgffl
703 2740 1395 2857 tzzgffiuzaaffiigfissxffi
1410 2734 1533 2853 1¹1¹ng

465 2873 738 2939 wigehim,
775 2888 859 2923 um
895 2873 1056 2923 durch
1081 2873 1224 2922 diese
1248 2871 1529 2938 gehiiuften

465 2941 768 2991 Ausdriiclte
785 2941 878 2991 das
895 2954 1074 3006 grosse
1086 2942 1338 2990 Interesse
1359 2954 1422 2994 zu
1443 2940 1533 2989 be-

465 3023 680 3125 zeggen,
706 3008 800 3058 das
823 3008 902 3059 sie
925 3022 988 3058 an
1016 3008 1184 3057 dieser
1201 3006 1532 3071 Darstellung

466 3091 532 3126 ne
569 3090 706 3128 men.

1626 1991 1917 2043 Saturnius.
1975 1993 2089 2043 Liv.
2125 1994 2175 2043 11
2208 1992 2303 2056 32,
2339 2002 2365 2044 8
2401 1992 2704 2056 (Menenius

1628 2058 1883 2126 Agrippa)
1909 2060 2238 2111 intromissus
2262 2063 2314 2110 in
2340 2072 2511 2111 castra
2536 2064 2704 2127 prisco

1628 2127 1715 2177 illo
1730 2129 1932 2178 dicendi
1950 2139 2002 2178 et
2019 2127 2222 2180 horrido
2241 2129 2396 2180 modo
2416 2129 2543 2179 nihil
2561 2130 2706 2181 aliud

1628 2210 1779 2259 quam
1807 2195 1903 2246 hoc
1928 2210 2165 2247 narrasse
2188 2196 2366 2248 fertur.

1697 2276 1757 2344 3)
1792 2279 1914 2330 Das
1949 2279 2146 2330 dritte
2179 2279 2602 2332 Error-deruis
2635 2281 2708 2332 ist

1630 2348 1723 2399 das
1742 2355 1924 2399 ornate
1944 2348 2133 2399 dicere.
2156 2349 2425 2400 Wahrer
2448 2349 2709 2416 Begriff

1629 2416 1756 2466 und
1791 2416 2522 2483 eigentlicherUmfang
2555 2418 2704 2468 des·

1630 2484 1851 2534 selben
1880 2496 1978 2533 etc.
2002 2499 2049 2533 o.
2080 2484 2160 2544 14,
2186 2485 2389 2546 52-25,
2415 2493 2488 2536 96.

1699 2576 1769 2618 52.
1796 2567 1860 2618 St'
1879 2575 1960 2619 est
1980 2565 2147 2626 aliter}
2169 2567 2382 2619 Schultz
2401 2566 2433 2636 S
2451 2567 2559 2620 240
2575 2569 2704 2620 AA.
2769 2607 2782 2622 .

1699 2653 2040 2703 tantummodo
2075 2652 2144 2703 ist
2177 2651 2476 2704 schwerlich
2495 2652 2704 2720 richtig,

1633 2721 1857 2770 sondern
1894 2719 2149 2769 entweder
2194 2720 2310 2783 (mit
2345 2719 2512 2784 Bake)
2562 2723 2704 2773 bloss

1635 2787 1787 2837 modo
1816 2803 1879 2837 zu
1905 2787 2173 2838 schreiben
2215 2785 2339 2853 (das
2371 2790 2441 2839 ist
2472 2789 2570 2840 das
2605 2805 2703 2855 ge·

1633 2854 1999 2918 wiibnlichere)
2041 2855 2168 2906 oder
2199 2871 2298 2906 nur
2328 2863 2557 2919 tantum,
2595 2872 2703 2907 was

1632 2923 1911 2987 allerdings
1935 2921 2056 2972 sehr
2087 2923 2191 2973 viel
2227 2924 2451 2974 seltener
2482 2926 2554 2975 ist
2592 2921 2704 2990 (die

1633 2993 1837 3056 spatere
1876 2989 2242 3057 Hinzufiigung
2281 3006 2384 3041 von
2425 2992 2582 3043 modo
2623 3008 2704 3042 er·

1633 3059 1796 3108 klfirte
1839 3057 1951 3109 sich
1996 3059 2049 3107 in
2092 3059 2289 3108 diesem
2322 3060 2463 3110 Falle
2505 3056 2704 3124 leicht).

533 3145 730 3195 relictis
752 3170 818 3180 -—
840 3144 934 3193 wir
956 3142 1123 3192 haben
1148 3141 1274 3192 alles
1298 3142 1365 3191 im
1387 3139 1533 3191 Stich

464 3213 724 3279 gelassen‚
751 3212 988 3262 erwidert
1005 3212 1070 3260 A.
1096 3211 1147 3260 in
1168 3208 1412 3259 heiterem
1421 3209 1533 3258 Hu-

465 3296 603 3343 mor,
640 3280 724 3330 die
747 3279 853 3332 ludi
877 3278 1098 3330 Romani
1122 3286 1173 3327 et
1196 3276 1412 3340 scenici,
1448 3276 1534 3327 die

461 3350 594 3414 jetzt
614 3349 666 3398 in
686 3349 814 3399 Rom
839 3346 1052 3413 gefeiert
1073 3346 1295 3407 werden,
1318 3346 1425 3395 und
1449 3345 1535 3394 die

466 3418 727 3482 sonstigen
741 3414 1133 3466 Festlichkeiten
1154 3413 1263 3464 und
1279 3411 1528 3473 Geniisse‚

466 3500 533 3535 an
580 3486 745 3534 denen
781 3485 876 3534 wir
918 3482 1095 3533 hatten
1127 3481 1271 3531 Theil
1313 3479 1531 3530 nehmen

467 3553 692 3603 konnen.

535 3620 788 3677 horridis,
814 3617 948 3669 ohne
972 3617 1105 3667 allen
1131 3618 1343 3668 iiussern
1371 3613 1533 3664 Glanz

466 3704 519 3739 u.
545 3686 830 3748 Schmuck,
864 3686 976 3736 sine
1011 3684 1174 3735 nitore
1197 3698 1258 3733 ac
1280 3684 1534 3749 palaestra

466 3755 561 3822 (de
585 3755 719 3821 legg.
746 3755 852 3815 12,
890 3750 969 3817 6),
1016 3766 1118 3803 von
1152 3753 1243 3802 der
1263 3754 1533 3817 ’spata-en,

466 3822 694 3874 {eineren
722 3821 897 3873 Cultur
929 3818 1071 3870 nicht
1104 3819 1338 3879 beriihrt‚
1380 3820 1412 3881 S
1443 3816 1532 3868 98.

468 3905 543 3941 or.
567 3889 628 3953 9,
666 3898 718 3941 28
756 3888 961 3939 horride
993 3886 1300 3951 inculteque.
1346 3886 1531 3937 Parad.

466 3973 675 4023 prooem
693 3993 708 4008 .
735 3956 860 4007 nihil
883 3966 987 4005 tam
1010 3954 1295 4016 horridum,
1329 3964 1432 4004 tam
1456 3954 1534 4003 in·

469 4026 678 4087 cultum,
689 4025 828 4088 quod
844 4039 945 4075 non
965 4022 1294 4088 splendescet
1304 4022 1534 4071 oratione

470 4101 521 4140 et
543 4103 647 4140 tam
683 4105 804 4140 uam
827 4092 1106 4141 excolatur.
1153 4090 1274 4139 Hor.
1300 4102 1382 4154 ep.
1409 4090 1455 4138 11
1482 4086 1531 4149 1,

471 4165 545 4206 1³⁷
570 4157 646 4206 sic
702 4157 903 4207 orridus
936 4156 1022 4207 ille
1045 4156 1263 4206 defluxit
1285 4169 1531 4206 numerus

1635 3124 1843 3176 Schultz
1867 3126 1899 3187 s
1922 3122 2022 3175 237
2049 3126 2112 3175 Α.
2137 3127 2190 3176 2.

1700 3212 1798 3261 sed
1818 3211 2147 3274 contempsit,
2182 3209 2204 3258 1
2227 3210 2321 3270 24,
2350 3218 2451 3268 111:
2485 3210 2573 3272 30,
2598 3219 2703 3274 1⁸¹3

1636 3276 1729 3340 53,
1752 3286 1848 3330 229.
1895 3277 2015 3327 Hor.
2042 3286 2140 3327 sat.
2164 3279 2187 3327 1
2216 3277 2263 3337 1,
2291 3287 2312 3328 1
2350 3280 2438 3342 qui
2472 3279 2532 3328 fit
2556 3305 2627 3317 —
2648 3287 2707 3329 ut

1636 3358 1787 3395 nemo
1823 3371 1889 3381 —
1922 3352 2193 3396 contentus
2215 3347 2385 3409 vivat,
2419 3346 2598 3397 laudet
2629 3347 2706 3398 di·

1633 3424 1792 3463 versa·
1807 3419 2101 3475 sequentes.

1702 3488 1775 3531 58.
1810 3482 1978 3537 deum,
2011 3477 2152 3540 123,
2190 3489 2281 3531 106.
2340 3482 2585 3532 distincte
2608 3490 2706 3531 etc.

1635 3548 1737 3598 Zur
1778 3546 2051 3613 eigentlich
2094 3546 2440 3599 fisthetischen
2480 3549 2711 3615 Haltung

1636 3616 1727 3667 der
1749 3615 1891 3665 Rede
1914 3613 2118 3678 gehiirt,
2156 3616 2277 3666 dass
2302 3617 2379 3666 sie
2404 3615 2566 3667 durch
2588 3615 2709 3667 her-

1634 3683 1958 3747 vorragende
2023 3682 2380 3748 Glanzpunkte
2448 3683 2709 3749 gehoben,

1635 3749 1981 3801 kiinstlerisch
1994 3778 2019 3787 -
2031 3750 2263 3801 entl'altet
2281 3787 2296 3809 ,
2383 3751 2711 3817 reichhaltig,

1636 3817 1863 3869 lichtvoll
1908 3817 2013 3867 und
2059 3816 2714 3884 rhythmisch-gegliedert

1636 3888 1728 3936 sei.
1780 3887 1849 3935 111
1882 3882 1975 3947 90,
2012 3893 2090 3935 366
2136 3886 2516 3937 distinctionem
2548 3895 2714 3950 atque

1637 3965 1887 4005 ornatum.

1702 4023 1757 4072 in
1788 4023 1906 4086 ipsa
1947 4021 2207 4084 oratt'one,
2256 4021 2310 4070 iu
2343 4021 2461 4070 dem
2479 4046 2486 4051 ·
2502 4020 2709 4086 eigent-

1634 4088 1801 4138 liehen
1827 4087 2170 4153 Redeganzen
2205 4087 2256 4139 d.
2284 4087 2338 4139 h.
2374 4088 2465 4138 der
2477 4087 2718 4139 ‚Per-ioth

1632 4155 1690 4205 in
1711 4155 2096 4206 continuatione
2116 4156 2414 4216 verborum,
2439 4151 2473 4221 S
2499 4153 2624 4206 167.
