2930 4693
433 213 515 276 56
1034 210 1132 273 DE
1163 209 1519 273 ORATORE
1547 210 1574 271 I
1604 211 1706 273 35.
1736 217 2042 272 161-164,

432 397 789 460 quamquam
835 380 976 441 satis
1026 381 1112 441 eis
1134 428 1150 452 ,
1205 382 1307 460 qui
1337 380 1602 450 aderant,
1637 381 1711 443 ad
1739 380 1826 452 id,
1879 380 2037 462 quod
2089 388 2217 442 erat
2264 382 2654 462 propositum,

436 464 656 526 dictum
686 464 1020 537 videbatur,
1053 473 1253 527 tamen
1282 465 1616 528 sentiebant
1645 465 1898 528 celerius
1928 484 2057 529 esse
2088 465 2274 529 multo
2288 515 2304 538 ‚
2337 485 2514 547 quam
2541 468 2657 546 ipsi

434 547 670 619 vellent,
704 548 779 610 ab
809 568 880 611 eo
908 558 1271 631 peroratum.

600 634 752 697 Tum
784 631 1187 698 ScARvoLA:
1234 635 1386 708 Quid
1426 643 1544 708 est,
1588 637 1788 700 Cotta?
1830 636 2047 718 inquit,
2095 637 2235 718 quid
2264 638 2507 699 tacetis?
2553 637 2655 699 Ni-

430 717 595 781 hilne
623 719 789 781 vobis
816 721 879 783 in
909 728 1172 783 mentem
1200 723 1386 794 venit,
1430 722 1588 802 quod
1615 730 1925 803 praeterea
1954 721 2028 783 ab
2060 723 2269 785 Crasso
2299 723 2655 803 requiratis?

307 813 404 866 161
600 805 667 867 ld
696 804 1057 877 mehercule,
1087 808 1364 887 inquit,
1407 808 1601 889 ipsum
1642 807 1902 870 attendo.
1976 807 2199 870 Tantus
2243 810 2403 870 enim
2447 826 2656 869 cursus

433 889 751 952 verborum
800 891 911 953 fuit
953 898 1013 953 et
1040 893 1127 954 sic
1158 891 1407 954 evolavit
1436 895 1624 955 oratio
1645 941 1661 965 ,
1712 901 1778 955 ut
1807 894 1933 955 eius
1973 894 2091 954 vim
2141 900 2200 955 et
2248 895 2655 955 incitationem

432 978 783 1056 aspexerim,
812 978 1056 1057 vestigia
1085 979 1538 1059 ingressumque
1567 979 1662 1040 vix
1690 978 1965 1050 viderim,
2012 985 2071 1040 et
2099 984 2399 1059 tamquam
2439 980 2504 1039 in
2547 977 2654 1039 ali-

431 1080 606 1141 quam
636 1059 991 1142 locupletem
1023 1080 1091 1124 ac
1111 1061 1394 1124 refertam
1425 1064 1666 1126 domum
1695 1065 1989 1135 venerim,
2022 1080 2142 1125 non
2174 1063 2463 1145 explicata
2493 1071 2653 1125 veste

430 1162 624 1226 neque
675 1148 979 1227 proposito
1030 1155 1277 1227 argento
1328 1167 1523 1229 neque
1575 1148 1791 1210 tabulis
1821 1157 1881 1210 et
1919 1150 2102 1229 signis
2129 1149 2436 1230 propalam
2469 1148 2653 1210 collo·

429 1233 606 1302 catiS,
651 1232 754 1293 sed
801 1232 893 1295 his
934 1232 1208 1295 omnibus
1256 1233 1453 1296 multis
1496 1234 1938 1315 magnificisque
1983 1233 2163 1296 rebus
2196 1236 2552 1296 constructis
2584 1252 2653 1295 ac

428 1316 785 1379 reconditis:
827 1319 912 1379 sic
953 1318 1129 1380 modo
1159 1320 1234 1380 in'
1265 1321 1533 1380 oratione
1574 1320 1769 1381 Crassi
1810 1319 2038 1380 divitias
2080 1327 2254 1400 atque
2304 1326 2653 1381 ornamenta

432 1403 557 1463 eius
605 1403 829 1482 ingenii
864 1422 975 1484 per
1028 1403 1314 1485 quaedam
1368 1404 1673 1467 involucra
1716 1412 1892 1485 atque
1921 1406 2326 1484 integumenta
2354 1406 2653 1486 perspexi,

428 1487 533 1548 sed
564 1505 633 1548 ea
662 1486 1051 1570 contemplari
1080 1508 1216 1551 cum
1248 1507 1548 1571 cuperem,
1581 1492 1675 1551 vix
1706 1490 2030 1570 aspiciendi
2057 1497 2317 1570 potestas
2345 1491 2476 1552 fuit.
2534 1490 2652 1550 lta-

430 1590 543 1652 que
575 1590 685 1634 nec
717 1574 830 1635 hoc
857 1593 1100 1655 possum
1132 1574 1333 1636 dicere
1355 1623 1373 1647 ,
1403 1593 1502 1637 me
1534 1577 1776 1638 omnino
1805 1575 2117 1655 ignorare,
2162 1575 2305 1656 quid
2333 1575 2652 1656 possideat,

430 1676 623 1739 neque
651 1658 828 1739 plane
858 1678 1031 1722 nosse
1062 1667 1238 1740 atque
1267 1661 1501 1723 vidisse.

603 1743 757 1815 Quin
794 1751 858 1806 tu
887 1747 1069 1825 igitur
1110 1746 1256 1807 facis
1293 1746 1486 1817 idem,
1529 1747 1722 1827 inquit
1753 1742 2156 1826 SCAEVOLA,
2217 1746 2374 1826 quod
2403 1746 2652 1819 facereS,

431 1828 482 1888 si
507 1829 572 1889 in
602 1828 857 1909 aliquam
888 1830 1128 1891 domum
1158 1829 1394 1910 plenam
1437 1839 1922 1893 ornamentorum
1964 1829 2230 1893 villamve
2270 1833 2560 1893 venisses:
2605 1834 2656 1892 si

431 1930 501 1972 ca
530 1916 815 1994 seposita,
846 1921 911 1976 ut
939 1915 1101 1986 dicis,
1133 1924 1358 1987 essent,
1390 1924 1484 1988 tu,
1535 1919 1636 1997 qui
1662 1915 1830 1979 valde
1860 1916 2166 1995 spectandi
2194 1917 2443 1997 cupidus
2473 1935 2650 1988 esseS,

429 2015 551 2058 non
581 1998 882 2061 dubitares
912 2017 1123 2079 rogare
1166 2000 1499 2073 dominum,
1542 2010 1610 2063 ut
1636 2001 1896 2082 proferri
1922 2000 2188 2073 iuberet,
2220 2003 2572 2082 praesertim
2603 2005 2654 2063 si

431 2091 587 2145 esset
643 2083 978 2146 familiaris:
1032 2084 1304 2147 similiter
1345 2104 1505 2147 nunc
1547 2094 1788 2167 petes-a
1828 2087 2070 2159 Crasso,
2124 2094 2190 2148 ut
2228 2087 2390 2149 illam
2422 2090 2650 2168 copiam

430 2177 917 2232 ornamentorum
958 2189 1229 2243 suorum,
1275 2190 1451 2252 quam
1484 2179 1879 2234 constructam
1933 2190 2051 2234 uno
2092 2174 2155 2232 in
2183 2172 2314 2234 loco
2350 2175 2517 2252 quasi
2543 2191 2652 2253 per

432 2260 810 2317 transennam
832 2263 1278 2335 praetereuntes
1300 2258 1551 2318 strictim
1586 2259 1952 2338 aspeximuS,
1984 2259 2046 2318 in
2074 2257 2268 2319 lucem
2297 2259 2564 2339 proferat
2595 2265 2654 2318 et

431 2358 537 2401 suo
568 2340 826 2422 quidque
854 2342 917 2403 in
947 2340 1078 2404 loco
1109 2340 1375 2405 collocet.

601 2426 726 2505 Ego
755 2444 926 2498 vero,
957 2428 1150 2509 inquit
1179 2424 1452 2507 ΟΟΤΤΑ,
1497 2448 1532 2490 a
1573 2436 1633 2490 te
1675 2436 1843 2508 peto,
1889 2427 2196 2497 Scaevola,
2226 2465 2313 2477 -
2352 2448 2449 2490 me
2493 2430 2650 2490 enim

426 2517 486 2572 et
514 2511 674 2573 hunc
703 2512 1027 2593 Sulpicium
1066 2513 1316 2594 impedit
1353 2513 1549 2593 pudor
1591 2512 1664 2575 ab
1695 2514 1934 2575 homine
1976 2515 2242 2576 omnium
2287 2516 2647 2593 gravissimo,

426 2597 726 2676 quigenus
754 2598 1092 2660 huiusmodi
1121 2598 1531 2679 disputationis
1561 2618 1798 2679 semper
1828 2601 2268 2680 contempserit,
2302 2600 2468 2671 haec,
2501 2601 2651 2681 qnae

423 2683 523 2742 isti
568 2681 817 2744 forsitan
866 2702 1191 2764 puerorum
1244 2684 1537 2747 elementa
1567 2685 1906 2756 videantur,
1957 2686 2301 2765 exquirere:
2344 2721 2414 2730 ——
2449 2685 2553 2747 sed
2585 2693 2650 2747 tu

425 2767 580 2827 hanc
611 2766 783 2828 nobis
810 2771 1071 2840 veniam,
1105 2769 1416 2842 Scaevola,
1450 2770 1554 2831 da:
1606 2770 1855 2850 perfice,
1899 2777 1965 2831 ut
1994 2771 2238 2833 Crassus
2266 2771 2415 2832 haec
2437 2817 2454 2842 ,
2498 2789 2650 2851 quae

426 2854 709 2995 comitavit
738 2859 797 2913 et
823 2861 1183 2934 peranguste
1211 2854 1452 2916 refersit
1480 2857 1544 2916 in
1575 2857 1845 2917 oratione
1874 2872 2009 2927 sua,
2041 2854 2244 2917 dilatet
2273 2854 2444 2917 nobis
2475 2864 2650 2936 atque

427 2955 538 3016 exp
562 2938 695 2998 icet.

597 3022 721 3102 Ego
752 3023 1111 3096 mehercule,
1139 3025 1333 3105 inquit
1360 3022 1656 3105 MUCIUS,
1689 3032 1861 3087 antea
1889 3032 2083 3086 vestra
2112 3027 2300 3105 magis
2330 3027 2445 3087 hoc
2474 3045 2651 3088 causa

425 3105 713 3181 volebam,
746 3127 923 3189 quam
952 3127 1115 3180 mea;
1146 3127 1339 3191 neque
1370 3113 1529 3173 enim
1561 3118 1724 3172 tanto
1755 3129 1937 3190 opere
1966 3111 2119 3172 hanc
2150 3130 2183 3172 a
2209 3112 2419 3174 Crasso
2451 3111 2648 3191 dispu-
2712 3177 2718 3183 ,

423 3194 707 3255 tationem
759 3193 1169 3258 desiderabam
1190 3243 1206 3267 ,
1262 3204 1482 3278 quanto
1524 3214 1705 3279 opere
1747 3197 1873 3257 eius
1911 3197 1975 3256 in
2017 3197 2208 3258 causis
2248 3199 2515 3259 oratione
2547 3197 2648 3258 de-

307 1750 405 1802 162

303 2429 403 2482 163

302 3029 401 3095 1Q4

423 3345 606 3396 serlich
630 3361 730 3397 von
754 3346 1083 3413 den'vorigen
1099 3347 1480 3415 gevvohnlichen

421 3414 768 3466 Vorschriften
791 3416 1099 3481 geschieden
1117 3418 1336 3470 werden.
1372 3416 1485 3469 Den

420 3484 640 3535 Austoss
667 3500 757 3535 zur
773 3484 1114 3550 Fortffihrung
1136 3486 1482 3553 desVortrags

421 3551 774 3616 githcfivola,
800 3553 892 3603 der
915 3554 1071 3603 damit
1087 3553 1364 3619 gleichsam
1388 3555 1481 3606 das

421 3619 661 3670 Patronat
693 3622 817 3671 iiber
860 3621 943 3671 die
974 3621 1254 3687 folgenden
1281 3623 1480 3688 juristi-

421 3686 579 3738 schen
601 3688 976 3754 Erdrterungen
998 3691 1323 3745 iibernimmt.

489 3781 579 3824 161.
617 3775 855 3834 evolavit,
885 3775 1089 3825 enteilte
1112 3775 1229 3825 dem
1252 3776 1330 3826 Au
1372 3791 1400 3824 e
1422 3790 1482 3827 so

419 3840 630 3893 schnell.
655 3842 975 3907 Nfigelsbach
995 3843 1103 3896 Lat.
1125 3841 1238 3894 Stil.
1263 3840 1295 3910 S
1315 3843 1334 3892 1
1375 3844 1427 3908 2,
1440 3854 1483 3899 2.

485 3917 650 3973 veste,
685 3909 943 3962 collectiva
980 3912 1073 3962 das
1098 3911 1483 3977 Teppichwerk,

420 3977 730 4043 Tapisserie.

485 4049 790 4097 constructis
823 4047 946 4097 oder
969 4048 1300 4111 coacervatis,
1337 4050 1480 4099 nam·

419 4110 520 4161 lich
543 4128 645 4162 uno
671 4114 721 4163 in
748 4115 859 4165 loeo
883 4115 978 4165 wie
1003 4115 1166 4181 gleich
1189 4116 1259 4166 im
1282 4116 1408 4182 folg.
1428 4113 1481 4183 S.

486 4180 869 4245 vioeaapt'eiendi
874 4190 1106 4249 potestas
1124 4184 1243 4248 licit,
1256 4200 1313 4235 so
1333 4185 1482 4236 rasch

417 4247 573 4312 gieng
612 4247 737 4297 alles
777 4264 859 4298 am
891 4254 1039 4315 Auge
1069 4253 1315 4318 voi-fiber,
1360 4253 1481 4304 dass

1585 3350 1740 3399 kaum
1765 3351 1847 3400 ein
1871 3348 2135 3415 ssiichtiger
2157 3350 2300 3401 Blick
2327 3351 2511 3401 darauf
2534 3367 2644 3401 ver-

1583 3421 1745 3482 gonnt
1766 3433 1871 3468 war
1892 3417 2130 3484 (strictim
2153 3415 2186 3486 S
2207 3417 2346 3485 162).

1652 3512 1743 3555 162.
1780 3511 2130 3566 transennam,
2180 3504 2261 3555 ein
2295 3503 2650 3555 Gitterfenster

1585 3570 1886 3636 (fenestram
1921 3569 2270 3637 clathratam),
2313 3572 2480 3622 hinter
2523 3572 2646 3622 wel-

1585 3638 1732 3690 chem
1778 3641 1862 3691 die
1901 3640 2090 3691 Kfiufer
2134 3640 2243 3690 ihre
2287 3639 2511 3690 Waaren
2558 3656 2649 3690 zur

1586 3707 1753 3758 Schau
1779 3709 2093 3766 stellten,um
2118 3709 2193 3759 sie
2212 3708 2503 3759 einestheils
2529 3708 2646 3758 dem

1585 3776 1961 3842 schaulustigen
1972 3775 2239 3827 Publilium
2262 3792 2326 3827 zu
2339 3777 2534 3842 zeigen,
2550 3791 2644 3825 an-

1587 3843 1863 3895 derntheils
1897 3846 2019 3895 aber
2050 3843 2183 3895 doch
2216 3845 2346 3895 auch
2370 3845 2461 3895 der
2483 3843 2644 3895 allzu-

1587 3911 1754 4030 nalhen
1777 3911 2119 3978 Betrachtung
2141 3913 2411 3964 desselben
2447 3930 2513 3964 zu
2537 3926 2646 3964 ent·

1590 3996 1668 4030 zie
1707 3996 1787 4034 en.
2542 4003 2546 4008 ’

1584 4113 1615 4183 S
1647 4057 1745 4165 ι163.
1773 4046 2370 4116 ᾳαί-οοηίεηιρεεήί,3
2395 4048 2508 4102 131.
2534 4051 2645 4110 aed,

1649 4187 1843 4236 veniam
1872 4212 1931 4222 -
1955 4188 2051 4252 da,
2085 4183 2118 4253 S
2149 4184 2243 4252 98,
2280 4185 2400 4236 thue
2424 4203 2520 4237 uns
2545 4187 2643 4237 den

1585 4252 1832 4307 Gefallen.
