2930 4693
788 223 887 287 DE
933 221 1292 286 ORATORE
1333 222 1414 285 111
1454 223 1558 286 49.
1604 226 1913 284 iso—188.
2344 229 2471 294 297

232 400 326 454 est
350 392 455 453 illa
482 394 612 454 sine
642 391 967 453 intervallis
1007 390 1333 473 loquacitas
1373 395 1678 472 peremnis
1721 401 1779 452 et
1826 392 2154 472 profluenS,
2200 382 2341 474 quid
2382 402 2473 455 est

232 476 393 540 aliud
423 495 634 539 causae
664 495 771 539 cur
799 476 1165 558 repudietur,
1197 479 1310 538 nisi
1340 477 1498 557 quod
1528 478 1835 538 hominum
1867 476 2108 539 auribus
2129 496 2334 539 vocem
2361 497 2472 583 pa-

229 572 366 624 tura
406 562 745 625 modulatur
786 564 949 642 ipsa?
1019 561 1190 635 Quod
1231 563 1361 623 fieri
1403 563 1518 623 nisi
1559 563 1714 623 inest
1753 581 2039 624 numerus
2080 564 2141 623 in
2171 574 2318 624 voce
2349 581 2470 624 non

227 655 445 728 potest.
521 648 819 710 Numerus
849 655 1046 709 autem
1085 649 1149 719 in
1192 648 1638 709 continuatione
1667 646 1865 708 nullus
1907 654 2024 718 est:
2073 647 2374 709 distinctio
2420 657 2482 710 et
2513 657 2613 710 186

230 731 568 813 aequalium
625 740 685 794 et
735 751 913 813 saepe
964 733 1264 794 variorum
1305 731 1751 793 intervallorum
1803 733 2110 813 percussio
2155 750 2471 796 numerum

229 819 495 889 conficit3
542 837 718 897 quem
747 819 813 881 in
842 816 1192 900 cadentibus
1220 819 1429 896 guttis,
1461 817 1620 898 quod
1649 816 1972 879 intervallis
2007 817 2468 896 distinguuntur,
2545 844 2560 859 ·

226 910 441 967 notare
481 921 824 983 possumus»,
866 904 929 963 in
971 904 1132 965 amni
1171 904 1603 982 praecipitante
1657 919 1777 967 non
1828 918 2158 982 possumus.
2248 902 2472 974 Quodsi

224 990 597 1051 continuatio
626 987 946 1051 verborum
977 987 1126 1051 hacc
1155 985 1346 1049 soluta
1376 986 1563 1049 multo
1594 994 1685 1049 est
1713 989 1906 1067 aptior
1929 987 2466 1067 atqueiucundior,

224 1074 280 1132 si
310 1079 402 1132 est
429 1071 695 1135 articulis
724 1071 1127 1151 membrisque
1170 1072 1476 1142 distincta,
1525 1091 1700 1151 quam
1723 1074 1796 1133 ·si
1837 1073 2178 1133 continuata
2219 1091 2289 1134 ac
2329 1092 2469 1154 pro-

223 1157 435 1227 ducta,
478 1157 749 1220 membra
791 1156 891 1219 illa
935 1158 1269 1218 modificata
1314 1175 1444 1217 esse
1478 1155 1806 1227 debebunt,
1845 1175 1996 1237 qnae
2028 1159 2079 1219 si
2107 1158 2170 1217 in
2201 1164 2468 1219 extremo

124 1302 133 1309 ,
219 1240 502 1303 breviora
543 1249 711 1311 sunt,
757 1242 1105 1321 infringitur
1145 1241 1244 1313 ille
1286 1244 1455 1322 quasi
1496 1240 1814 1302 verborum
1858 1241 2144 1312 ambitus;
2192 1244 2278 1302 sic
2309 1244 2469 1304 enim

218 1327 336 1387 has
367 1328 650 1391 orationis
681 1329 1098 1389 conversiones
1129 1327 1344 1390 Graeci
1372 1328 1701 1388 nominant.
1774 1326 1970 1397 Quare
2013 1333 2114 1387 aut
2141 1329 2309 1406 paria
2341 1346 2469 1389 esse

221 1410 448 1472 debent
477 1413 808 1494 posteriora
838 1411 1264 1492 superioribuS,
1300 1419 1568 1472 extrema
1596 1411 1807 1491 primis
1830 1418 1948 1480 aut,
1982 1412 2138 1490 quod
2171 1413 2346 1473 etiam
2380 1420 2470 1475 est

217 1495 439 1557 melius
469 1505 528 1557 et
554 1497 884 1568 iucundiuS,
916 1496 1235 1575 longiora<
1273 1498 1462 1576 Atque
1493 1496 1640 1556 haec
1672 1496 1910 1575 quidem
1941 1496 2015 1555 ab
2048 1498 2133 1555 eis
2162 1492 2635 1578 philoso·49187

217 1582 390 1661 phis,
434 1601 583 1661 quos
612 1590 677 1643 tu
705 1583 959 1643 maxime
991 1581 1211 1660 diligis,
1246 1581 1479 1651 Catule,
1527 1581 1680 1640 dicta
1711 1587 1876 1650 sunt;
1923 1581 2081 1661 quod
2129 1599 2199 1641 eo
2231 1584 2466 1660 saepius

160 1684 165 1686 ’
219 1667 528 1738 testificor,
559 1675 627 1728 ut
657 1666 996 1728 auctoribus
1025 1665 1336 1739 laudandis
1364 1664 1726 1746 ineptiarum
1758 1666 1985 1726 crimen
2017 1664 2312 1743 effugiam.
2449 1676 2454 1681 ’

396 1751 658 1825 Quarum
691 1746 965 1812 tandem?
1008 1753 1203 1831 inquit
1234 1748 1592 1819 CATULUS,
1628 1758 1728 1811 aut
1758 1748 1898 1831 quid
1930 1748 2324 1830 disputatione
2354 1750 2467 1813 ista

219 1835 455 1897 adferri
480 1844 679 1918 potest
708 1836 1036 1916 elegantius
1066 1847 1167 1898 aut
1197 1837 1439 1897 omnino
1473 1835 1591 1896 dici
1620 1834 1924 1896 subtilius?
1986 1891 1990 1897 .

125 1997 131 2001 .
396 1921 469 1983 At
498 1923 658 1983 enim
687 1938 919 1992 vereor,
951 1922 1144 2001 inquit
1173 1918 1522 1991 CRASSUS,
1556 1939 1633 1981 ne
1663 1920 1810 1981 haec
1841 1925 1942 1981 aut
1972 1918 2302 1981 difficiliora
2333 1921 2461 1982 istis
2496 1931 2595 1985 188

218 2005 302 2067 ad
328 2006 812 2088 persequendum
843 2024 973 2068 esse
1004 2006 1313 2068 videantur
1344 2013 1461 2077 aut,
1494 2007 1632 2086 quia
1663 2022 1785 2066 non
1807 2005 2125 2066 traduntur
2152 2006 2216 2066 in
2239 2004 2468 2086 vulgari

214 2094 337 2153 ista
366 2091 694 2173 disciplina,
726 2110 838 2152 nos
867 2110 937 2153 ea
967 2093 1193 2153 maiora
1225 2110 1294 2152 ac
1326 2089 1659 2153 difficiliora
1693 2090 1878 2152 videri
1907 2089 2057 2152 velle
2087 2090 2408 2153 videamur.

218 2277 360 2327 Laut
395 2276 538 2328 Hohe
582 2277 690 2328 und
724 2277 894 2343 Tiefe,
936 2278 1155 2344 Hebung
1187 2278 1294 2328 und

217 2346 491 2411 Senkung.
530 2344 613 2398 Or.
631 2344 711 2410 18,
726 2356 777 2397 58
801 2349 913 2413 ipsa
939 2349 1071 2397 enim
1092 2357 1291 2407 natura,

1464 2279 1849 2333 conversiones,
1936 2275 2020 2325 ein
2089 2275 2465 2340 abgerundetes

1397 2345 1588 2409 Ganze,
1614 2341 1646 2411 3
1676 2343 1773 2395 198
1798 2344 1945 2407 quasi
1970 2343 2147 2395 orbem
2170 2344 2462 2410 verborum,

223 2416 380 2479 quasi
415 2415 761 2465 modularetur
801 2414 1067 2466 hominum
1102 2415 1292 2465 oratio-

216 2497 361 2543 nem,
375 2484 426 2532 in
452 2485 589 2533 omni
612 2484 768 2533 verbo
787 2484 961 2549 posuit
977 2492 1179 2533 acutam
1196 2496 1287 2532 vo·

226 2566 375 2613 cem,
408 2566 518 2600 -nec
554 2566 657 2600 una
689 2550 806 2616 plus
843 2566 937 2600 nec
969 2565 998 2600 a
1033 2561 1294 2617 postrema

216 2618 418 2683 syllaba
442 2619 573 2668 ultra
598 2619 815 2669 tertiam.

292 2695 386 2736 186.
411 2686 505 2735 Die
531 2685 1044 2752 nachsteF'olgerung
1059 2701 1153 2736 aus
1176 2685 1293 2735 dem

217 2753 609 2820 rhythmischen
647 2754 922 2805 Charakter
956 2755 1046 2804 der
1080 2754 1293 2803 Periode

219 2825 308 2880 ist,
335 2822 457 2872 dass
482 2823 567 2872 die
592 2822 859 2872 einzelnen
873 2820 1077 2872 Glieder
1101 2821 1292 2874 dersel·

216 2893 325 2940 ben
357 2890 436 2939 ihr
476 2889 718 2955 richtiges
751 2892 888 2941 Mass
922 2889 1119 2952 haben,
1167 2890 1292 2940 dass

216 2958 459 3011 Vorder-
496 2959 601 3009 und
640 2957 893 3009 Nachsatz
938 2959 1045 3008 und
1080 2957 1291 3009 Schluss

218 3027 276 3077 in
304 3026 468 3075 einem
495 3026 740 3092 richtigen
765 3026 1059 3077 Verbaltnis
1088 3043 1152 3076 zu
1179 3026 1288 3084 ein÷

220 3094 385 3145 ander
410 3094 608 3146 stehen.

291 3180 606 3230 continuatio
638 3179 902 3229 verborum
945 3180 1074 3229 haec
1104 3182 1287 3237 soluta,

225 3248 312 3297 die
349 3246 644 3312 prosaische
679 3247 918 3309 Periode,
970 3262 1056 3296 um
1104 3248 1185 3295 die
1234 3261 1291 3293 es

219 3314 334 3364 sich
361 3314 468 3364 hier
491 3314 717 3375 handen,
745 3311 776 3380 3
802 3314 920 3366 171.

291 3402 526 3450 articulis
547 3400 876 3464 membrisque
901 3399 1170 3456 distincta,
1196 3412 1291 3461 ge-

219 3468 372 3533 borig
393 3468 673 3532 gegliedert
698 3463 757 3532 (3
786 3463 930 3530 190).

290 3552 607 3617 infm'nyilur,
627 3548 786 3617 3183,
814 3549 1042 3600 insol'ern
1068 3550 1156 3598 der
1180 3548 1291 3598 liin-

220 3636 347 3686 gere
370 3620 681 3670 Vordersatz
706 3620 759 3668 in
785 3619 955 3670 seiner
979 3617 1215 3668 Gliederu
1225 3630 1293 3680 ng

223 3689 375 3739 einen
402 3687 839 3754 eutsprecbenden
866 3684 1077 3751 (analog
1092 3684 1288 3749 geglie-

221 3754 430 3822 derten)
477 3755 689 3820 lfingern
741 3753 994 3803 Nachsatz
1045 3762 1290 3802 erwarten

220 3824 383 3889 lfisst,
408 3824 516 3874 tritt
540 3822 675 3874 ohne
701 3823 875 3872 diesen
904 3822 1018 3871 eine
1041 3822 1135 3870 Art
1158 3821 1292 3871 Ver-

222 3891 571 3956 stiimmelung
603 3892 695 3941 der
725 3890 940 3940 Periode
974 3891 1056 3939 ein
1101 3888 1154 3951 (ξ
1194 3886 1293 3938 190

222 3975 290 4009 ne
311 3961 516 4010 insistat
539 3957 795 4022 interius).

234 4085 251 4099 .
291 4043 523 4109 ambitus,
547 4040 580 4109 3
608 4041 732 4103 171;’
758 4041 900 4093 Brut.
924 4042 1008 4101 44,
1036 4051 1110 4092 162
1136 4042 1289 4091 etiam

222 4113 613 4180 comprehensio
649 4121 698 4160 et
733 4112 950 4161 ambitus
989 4109 1071 4159 ille
1106 4111 1284 4159 verbo-

220 4193 352 4243 rum,
376 4181 422 4230 si
447 4180 520 4230 sic
538 4175 816 4244 περίοδον
838 4177 1084 4243 appellari
1103 4178 1288 4241 placet,

223 4260 332 4299 erat
354 4241 497 4314 apud
518 4247 663 4298 illum
689 4273 742 4286 -—
779 4246 966 4296 brevis.

325 4338 431 4384 cle.
458 4336 534 4379 DE
564 4336 736 4380 ORAT.
775 4339 817 4377 2.
843 4334 963 4378 Auss.

1393 2408 1545 2477 λέξις
1581 2406 2068 2478 κατεστραμμένη.
2140 2414 2295 2465 Arist.
2330 2412 2462 2463 rhet.

1395 2483 1468 2532 111
1492 2480 1525 2531 8
1562 2476 1705 2547 λέγω
1731 2474 1797 2532 δὲ
1820 2478 2095 2544 πέριόδον
2120 2476 2274 2543 λέξιν
2301 2475 2464 2563 ἔχου-

1396 2563 1506 2600 σαν
1566 2540 1756 2628 ἀρχὴν
1813 2544 1914 2599 καὶ
1961 2540 2232 2612 τελευτὴν
2278 2540 2466 2613 αυτὴν

1393 2608 1545 2668 καθ’
1582 2632 1768 2682 αυτην
1799 2612 1899 2666 καὶ
1932 2609 2182 2681 μέγεθος
2232 2607 2465 2667 εὐσύνο-

1393 2700 1558 2735 πτον.
2491 2733 2500 2742 ,

1461 2752 1557 2812 49,
1583 2760 1675 2802 187.
1713 2752 1777 2802 ab
1812 2753 1889 2802 eis
1919 2751 2241 2816 philosophis
2266 2760 2390 2816 etc.,
2428 2749 2461 2813 5

1397 2819 1516 2873 173.
1545 2818 1659 2870 182.
1689 2818 1803 2871 183.

1463 2897 1556 2939 188.
1583 2887 1662 2937 At
1682 2887 1825 2945 enim,
1853 2886 2074 2952 Seyffert
2097 2885 2306 2937 sch.lat.
2333 2884 2371 2951 8
2394 2885 2464 2937 60

1394 2972 1449 3023 p.
1491 2954 1615 3007 130:
1675 2956 1768 3005 mit
1802 2956 1936 3004 enim
1974 2955 2070 3004 soll
2105 2970 2169 3004 zu
2204 2956 2463 3007 erkennen

1395 3025 1628 3104 gegeben
1655 3024 1874 3086 werden,
1903 3024 2024 3073 dass
2050 3024 2133 3072 ein
2158 3023 2319 3072 Recht
2344 3038 2464 3074 zum

1390 3091 1986 3276 {guyn-...322
1999 3090 2462 3218 flattena?

1413 3243 1458 3277 ic
1520 3243 1576 3277 se
1601 3266 1612 3277 .

1462 3298 1593 3356 istis,
1606 3294 1702 3344 den
1729 3291 1916 3344 beiden
1934 3292 2186 3357 jiingeren
2208 3289 2286 3355 (u.
2301 3291 2461 3340 damit

1394 3363 1485 3413 der
1504 3364 1725 3428 jiingern
1750 3359 2052 3409 Generation
2077 3356 2410 3423 uberhaupt).

1463 3431 1538 3480 ad
1555 3430 1972 3495 persequendum,
1999 3424 2259 3492 praktisch
2278 3424 2462 3475 durch-

1395 3497 1647 3548 znffihreu
1683 3524 1745 3533 —
1780 3491 2097 3560 Nagelsbach
2131 3493 2243 3543 Lat.
2280 3492 2391 3543 Stil.
2428 3493 2458 3554 5

1396 3564 1496 3616 108
1521 3593 1586 3602 —
1611 3565 1717 3614 und
1742 3564 1878 3613 daun
1900 3565 2036 3611 wfite
2061 3560 2143 3610 die
2167 3575 2334 3626 gance
2358 3560 2459 3610 Ex-

1393 3634 1617 3699 position
1645 3632 1848 3681 nutzlos
1873 3643 2127 3695 gewesen.
2391 3649 2412 3658 -

1462 3704 1515 3751 in
1549 3701 1747 3765 vulgari
1789 3701 1891 3749 ista
1924 3699 2221 3763 disciplina,
2267 3696 2399 3745 Einl.
2440 3696 2460 3745 1

1393 3767 1424 3836 3
1449 3767 1500 3831 6,
1529 3778 1580 3819 32
1599 3768 1742 3832 inopi
1767 3767 1835 3815 ad
1859 3766 2162 3822 ornandum.

1461 3851 1556 3887 nos
1580 3851 1643 3886 ea
1664 3837 1862 3885 maiora
1888 3842 2055 3886 etc.—
2069 3832 2161 3882 das
2179 3832 2314 3881 wiire
2338 3831 2460 3880 aber

1391 3919 1525 3969 ganz
1560 3917 1724 3969 geg-en
1761 3903 1902 3951 seine
1933 3899 2176 3961 Ansicht,
2220 3896 2459 3948 wornacb

1382 3974 1478 4023 ‘die
1503 3972 1632 4020 eben
1656 3968 1930 4020 beriihrten
1961 3967 2229 4018 formellen
2252 3967 2455 4016 Eriirte-

1392 4053 1591 4105 rungen
1614 4038 1696 4089 fiir
1720 4039 1816 4087 den
1844 4037 2048 4087 Redner
2076 4033 2208 4085 doch
2235 4049 2332 4083 nur
2354 4048 2459 4085 von

1392 4106 1921 4226 {Ptefigemdneffressl
1946 4104 2249 4223 ῌῶᾱῧᾳὲιιιις
2291 4101 2454 4219 ising?

1392 4185 1869 4308 1321,§¹¹1¹3{?‘³12‘{›.
1897 4187 2016 4291 13¹5.
2097 4187 2114 4219 ¹
2192 4184 2287 4236 ‘²⁰¹'
2310 4185 2341 4220 ²
2451 4253 2461 4262 -

1972 4328 2055 4392 23
