2930 4693
402 213 485 275 44
1018 205 1116 268 DE
1147 205 1504 267 ORATORE
1530 204 1560 266 1
1587 204 1689 267 26.
1738 212 2044 264 117—119.

404 375 678 438 omnibus
721 373 1056 446 silentibuS,
1099 393 1287 437 unum
1326 376 1601 438 maximis
1642 374 1715 436 de
1758 373 1940 436 rebus
1980 391 2197 453 magno
2235 375 2300 434 in
2343 382 2637 434 conventu

404 462 713 522 hominum
756 460 1133 522 audiendum.
1203 460 1388 522 Adest
1416 462 1577 522 enim
1618 461 1745 521 fere
1776 477 1981 530 nemo,
2027 460 2172 539 quin
2202 461 2430 520 acutius
2461 465 2636 540 atque

406 548 603 608 acrius
632 546 767 606 vitia
796 547 859 606 in
890 546 1153 616 dicente,
1186 565 1362 626 quam
1399 554 1565 607 recta
1589 545 1795 607 videat.
1854 545 1942 605 lta
1974 544 2260 624 quidquid
2289 552 2395 614 est,
2426 545 2490 604 in
2520 562 2636 624 quo

277 642 375 693 117
407 631 752 702 offenditur,
784 630 846 692 id
888 633 1065 692 etiam
1094 630 1223 702 illa,
1276 649 1427 711 quae
1458 629 1750 692 laudanda
1780 636 1946 700 sunt,
1979 628 2195 691 obruit.
2255 629 2461 710 Neque
2490 629 2637 690 haec
2691 630 2695 635 ’

409 718 471 777 in
503 735 632 778 eam
663 718 1015 777 sententiam
1047 715 1310 798 disputo,
1356 723 1424 778 ut
1463 716 1738 778 homines
1780 713 2223 786 adulescentes,
2267 715 2316 776 si
2359 713 2501 795 quid
2533 733 2636 776 na-

405 801 595 863 turale
625 799 778 862 forte
807 820 929 862 non
956 801 1243 874 habeant,
1276 803 1519 863 omnino
1550 821 1584 863 a
1613 800 1847 862 dicendi
1875 799 2068 861 studio
2098 800 2451 865 deterream.
2495 799 2638 871 Quis

406 889 566 948 enim
608 905 728 948 non
769 887 929 948 videt
958 887 1021 949 C.
1043 886 1278 959 'Caelio,
1327 885 1559 967 aequali
1587 905 1752 958 meo,
1795 904 2011 965 magno
2041 885 2256 947 honori
2284 886 2494 955 fuisse,
2528 884 2635 944 ho-

403 974 552 1034 mini
583 990 765 1042 novo,
795 970 958 1033 illam
989 972 1207 1052 ipsam,
1240 990 1674 1053 quamcumque
1705 971 1947 1052 adsequi
1975 971 2251 1050 potuerit,
2284 972 2346 1029 in
2379 968 2633 1030 dicendo

402 1058 905 1120 mediocritatem?
952 1056 1095 1129 Quis
1112 1065 1373 1119 vestrum
1403 1056 1708 1137 aequalem
1730 1104 1746 1129 ,
1779 1055 1848 1129 Q.
1890 1056 2153 1126 Varium,
2189 1062 2412 1116 vastum
2443 1055 2633 1115 homi-

401 1161 537 1203 uem
569 1151 742 1223 atque
784 1142 1053 1214 foedum,
1099 1160 1219 1204 non
1247 1141 1539 1222 intellegit
1566 1141 1666 1203 illa
1694 1143 1823 1222 ipsa
1853 1140 2157 1211 facultate,
2200 1158 2632 1221 quamcumque

228 1223 675 1300 26118habuit,
720 1245 993 1307 magnam
1039 1245 1167 1289 esse
1196 1229 1259 1289 in
1297 1229 1531 1289 civitate
1572 1229 1823 1307 gratiam
1862 1226 2284 1288 consecutum?
2342 1224 2458 1286 Sed
2498 1226 2633 1305 quia

401 1313 476 1373 de
506 1319 741 1375 oratore
776 1315 1144 1393 quaerimuS‚
1187 1313 1499 1393 fingendus
1541 1320 1630 1374 est
1670 1312 1841 1373 nobis
1885 1313 2152 1373 oratione
2197 1317 2398 1372 nostra
2438 1309 2633 1371 detra·

401 1400 510 1459 ctis
531 1396 805 1459 omnibus
827 1399 981 1458 vitiis
1004 1405 1204 1460 orator
1226 1406 1403 1479 atque
1426 1400 1592 1460 omni
1607 1396 1781 1459 laude
1812 1395 2161 1459 cumulatus,
2207 1396 2412 1475 Neque
2451 1396 2628 1465 enim,

401 1485 453 1543 si
481 1482 794 1544 multitudo
816 1482 1035 1555 litium,
1068 1485 1119 1545 si
1146 1485 1397 1545 varietas
1430 1502 1771 1555 causarum,
1803 1483 1855 1543 si
1883 1482 2031 1543 haec
2062 1481 2235 1543 turba
2266 1489 2326 1541 et
2355 1480 2632 1542 barbaria

400 1568 652 1630 forensis
705 1563 805 1630 dat
845 1567 1039 1630 locum
1084 1568 1175 1630 vel
1224 1570 1615 1631 vitiosissimis
1663 1567 2025 1638 oratorihuS‚
2080 1566 2306 1627 idcirco
2349 1585 2458 1627 nos
2497 1565 2627 1637 hoc,

401 1654 557 1734 quod
600 1656 968 1734 quaerimuS,
1015 1655 1369 1716 omittemus
1441 1655 1645 1736 Itaque
1673 1656 1734 1715 in
1768 1655 1852 1715 eis
1883 1652 2134 1723 artibus,
2179 1654 2242 1713 in
2269 1650 2481 1733 quibus
2512 1668 2631 1711 non

398 1739 617 1800 utilitas
660 1740 962 1820 quaeritur
1003 1742 1364 1812 necessaria,
1410 1740 1517 1801 sed
1548 1741 1729 1800 animi
1758 1738 1943 1800 libera
1974 1737 2264 1818 quaedam
2293 1736 2626 1806 oblectatio,

402 1843 578 1904 quam
610 1823 924 1903 diligenter
964 1831 1024 1885 et
1051 1843 1226 1905 quam
1257 1843 1446 1905 prope
1487 1824 1788 1886 fastidiose
1818 1823 2171 1885 iudicamus!
2232 1822 2437 1884 Nullae
2469 1823 2629 1883 enim

401 1908 535 1970 lites
577 1927 770 1988 neque
812 1912 1247 1971 controversiae
1277 1918 1439 1983 sunt,
1486 1928 1637 1991 quae
1667 1916 1882 1990 cogant
1910 1909 2181 1970 homines
2221 1909 2373 1968 sicut
2404 1908 2467 1967 in
2497 1907 2629 1967 foro

275 2011 374 2063 119
404 2012 524 2055 non
574 1993 764 2055 bonos
806 2002 1104 2065 oratores,
1158 1996 1300 2057 item
1341 1997 1405 2055 in
1446 1996 1679 2057 theatro
1727 2003 1959 2057 actores
1999 1993 2186 2055 malos
2215 1994 2467 2073 perpeti.
2528 1992 2632 2053 Est

402 2080 583 2158 igitur
612 2080 835 2140 oratori
863 2079 1176 2158 diligenter
1204 2080 1630 2160 providendum
1647 2128 1664 2152 ‚
1708 2097 1826 2142 non
1859 2081 1945 2141 uti
1975 2080 2060 2139 eis
2089 2079 2229 2139 satis
2259 2078 2436 2140 faciat
2453 2126 2468 2149 ‚
2502 2078 2630 2158 qui-

397 2162 510 2225 bus
540 2182 782 2226 necesse
813 2171 927 2237 est,
960 2164 1064 2225 sed
1093 2173 1157 2226 ut
1187 2167 1272 2226 eis
1303 2164 1667 2227 admirabilis
1698 2183 1827 2226 esse
1860 2164 2150 2235 videatur,
2195 2163 2408 2245 quibus
2437 2162 2626 2224 libere

400 2249 575 2311 liceat
603 2249 884 2311 iudicare.

568 2337 678 2407 Ac,
712 2336 763 2397 si
792 2335 1104 2416 quaeritis,
1148 2334 1322 2417 plane
1363 2335 1506 2418 quid
1535 2337 1786 2399 sentiam
1819 2334 2138 2398 enuntiabo
2171 2334 2327 2416 apud
2358 2334 2629 2397 homines

400 2421 912 2493 familiarissimoS‚
946 2421 1103 2502 quod
1127 2422 1318 2483 adhuc
1340 2440 1578 2503 semper
1600 2423 1757 2483 tacui
1779 2429 1838 2482 et
1863 2421 2175 2483 tacendum
2203 2423 2418 2501 putavi.
2464 2421 2626 2492 Mihi,

401 2507 577 2568 etiam
600 2508 701 2588 qui
730 2507 953 2587 optime
984 2506 1187 2569 dicunt
1210 2509 1428 2589 quique
1450 2507 1512 2569 id
1538 2506 1815 2569 facillime
1838 2514 2013 2588 atque
2037 2508 2408 2569 ornatissime
2431 2506 2628 2568 facere

1633 2729 1879 2780 barbaria
1897 2730 2126 2793 forensis
2150 2756 2211 2765 —
2240 2728 2329 2779 mit
2352 2727 2629 2779 Rficksicht

1566 2797 1659 2847 auf
1680 2799 1764 2848 die
1788 2796 2026 2863 Sprache.
2061 2798 2205 2848 Brut.
2223 2796 2305 2859 74,
2331 2805 2408 2847 258
2431 2797 2627 2847 conflu-

1565 2875 1751 2916 xerunt
1776 2870 1909 2916 enim
1944 2865 1996 2914 in
2019 2865 2149 2915 hanc
2176 2866 2353 2916 urbem
2378 2864 2522 2915 multi
2546 2866 2626 2914 in-

1569 2934 1773 2995 quinate
1807 2933 2070 2997 loquentes
2095 2949 2159 2984 ex
2183 2933 2398 2984 diversis
2421 2933 2546 2983 locis
2572 2948 2623 2982 u.

402 2729 663 2794 suscipere
687 2743 739 2778 u.
765 2724 1020 2794 polliceri)
1046 2729 1146 2793 vgl.
1173 2725 1204 2795 S
1228 2727 1313 2779 21.
1343 2727 1460 2781 103.

401 2797 448 2845 11
481 2794 575 2856 36,
612 2805 706 2846 153.
765 2798 835 2846 111
869 2794 927 2856 6,
961 2806 1031 2849 22.
1090 2814 1262 2860 unum,
1310 2795 1342 2864 S
1375 2796 1461 2848 31.

402 2863 570 2915 Adest
593 2872 706 2922 etc..
732 2860 763 2928 S
792 2862 905 2914 125.

470 2941 561 2982 117.
586 2933 997 2983 mediocritatem.
1018 2930 1157 2983 Brut.
1171 2932 1252 2992 52,
1266 2941 1340 2984 193
1353 2933 1462 2984 vul-

400 3015 496 3065 gns
510 3000 760 3050 interdum
773 3014 872 3049 non
885 3001 1201 3065 probandum
1214 3010 1462 3051 oratorem

398 3070 595 3133 probat,
616 3068 708 3118 sed
728 3068 908 3134 probat
930 3067 1042 3117 sine
1060 3070 1462 3135 comparatione3

400 3151 514 3185 cum
549 3151 578 3185 a
602 3135 842 3185 mediocri
865 3146 952 3185 aut
985 3136 1135 3186 etiam
1158 3151 1189 3186 a
1212 3138 1346 3188 malo
1372 3137 1464 3188 de-

400 3204 626 3263 lectatur,
649 3218 708 3254 eo
728 3214 806 3253 est
823 3213 1120 3268 contentus3
1148 3220 1261 3255 esse
1281 3205 1464 3256 melius

400 3286 503 3322 non
528 3273 696 3332 sentit,
720 3271 848 3323 illud
872 3272 1009 3334 quod
1033 3283 1134 3336 est,
1171 3274 1461 3337 qualecum-

404 3355 502 3403 que
528 3352 628 3402 est,
656 3341 861 3406 probat;
888 3350 1026 3391 tenet
1050 3342 1186 3392 enim
1210 3356 1358 3393 aures
1381 3342 1463 3392 vel

400 3409 668 3459 mediocris
694 3419 889 3470 orator,
926 3409 992 3460 sit
1015 3410 1168 3460 modo
1193 3410 1388 3472 aliquid
1409 3411 1459 3460 in

401 3492 479 3527 eo.

469 3544 525 3606 Q.
550 3545 772 3605 Varium,
793 3545 960 3595 Einl.1
981 3541 1107 3611 Sil,
1127 3554 1217 3596 130.
1242 3553 1461 3598 vestrum

399 3616 683 3679 aequalem,
710 3613 849 3668 Brut.
869 3612 952 3673 49,
980 3623 1055 3664 182
1079 3615 1314 3676 aequales
1339 3630 1456 3681 pro·

397 3682 670 3746 pemodum
696 3682 900 3732 suerunt
925 3682 979 3734 C.
1010 3682 1180 3746 Cotta,
1205 3684 1259 3734 P.
1289 3682 1460 3749 Sulpi-

398 3750 535 3810 cius,
564 3749 624 3810 Q.
647 3749 850 3800 Varius,

466 3815 659 3881 26,118.
685 3818 863 3884 Neque
881 3820 1025 3869 enim.
1052 3817 1125 3869 Ob
1151 3818 1333 3867 einmal
1355 3819 1458 3868 ein-

402 3885 545 3935 zelne
580 3886 964 3952 mittelmfissige
989 3886 1193 3936 Redner
1228 3886 1461 3937 dennoch

399 3963 520 4018 gnte
543 3953 747 4020 Erfolge
771 3955 943 4004 erzielt
974 3954 1139 4005 haben
1157 3991 1173 4014 ,
1210 3954 1327 4005 darf
1352 3954 1464 4005 hier

401 4021 541 4070 nicht
586 4021 937 4082 entscheiden3
985 4023 1077 4074 der
1117 4024 1339 4074 Masstab
1380 4022 1465 4074 fiir

404 4087 486 4137 die
519 4089 819 4140 Redekunst
853 4091 920 4142 ist
956 4091 1216 4152 derselbe,
1251 4092 1349 4142 den
1373 4092 1463 4142 wir

402 4155 484 4204 bei
518 4155 650 4204 allen
685 4158 897 4223 iibrigen
933 4158 1089 4208 freien
1116 4160 1342 4210 Kiinsten
1368 4176 1457 4210 an-

405 4222 571 4290 legen:
600 4224 691 4274 das
715 4224 840 4273 freie
865 4226 1225 4291 Wolgel'allen.

1565 3002 1691 3051 kurz
1720 3013 1909 3052 zuvorz·
1939 3017 2031 3050 nec
2057 3017 2143 3052 eos
2168 3002 2339 3065 aliqua
2362 3001 2628 3052 barbaries

1566 3069 1843 3120 domestica
1865 3068 2221 3122 infuscaverat.

1632 3154 1845 3220 Itaque,
1889 3154 2002 3204 weil
2035 3156 2126 3205 wir
2161 3155 2226 3205 da
2258 3155 2437 3205 immet
2471 3164 2625 3204 etwas

1563 3222 1891 3341 {sollendetes
1918 3239 1984 3273 zu
2007 3222 2165 3273 seben
2189 3239 2241 3274 u.
2271 3239 2334 3273 zu
2357 3222 2515 3274 horen
2542 3224 2628 3273 be-

1603 3305 1822 3341 ommen.

1627 3375 1926 3439 fastidiose,
1951 3375 2272 3427 wahlerisch.
2296 3374 2328 3443 S
2351 3374 2467 3427 258.
2504 3375 2622 3425 Hor.

1564 3443 1632 3493 ad
1664 3444 1768 3494 Pis.
1804 3440 1904 3495 368
1928 3444 1981 3495 ff.
2021 3447 2170 3495 certis
2205 3447 2428 3496 medium
2464 3455 2514 3494 et
2547 3451 2623 3494 to-

1562 3511 1773 3562 lerabile
1795 3514 1949 3563 rebus
1972 3514 2128 3563 Recte
2152 3514 2390 3574 concedi,
2413 3541 2477 3550 —
2502 3528 2622 3562 con-

1563 3581 1726 3631 sultus
1753 3581 1875 3632 iuris
1902 3591 1951 3630 et
1974 3592 2113 3632 actor
2134 3581 2410 3633 Causarum
2435 3581 2628 3630 medio-

1564 3649 1662 3699 cris
1703 3650 1850 3700 abest
1894 3650 2079 3700 virtute
2116 3650 2289 3700 diserti
2337 3649 2623 3711 Messallae,

1565 3732 1657 3767 nec
1675 3718 1769 3768 scit
1787 3728 2030 3782 quantum
2045 3717 2317 3768 Cascellius
2330 3716 2509 3774 Aulus,
2524 3716 2627 3766 Sed

1562 3795 1730 3836 tamen
1768 3787 1819 3835 in
1850 3787 2014 3851 pretio
2050 3795 2151 3845 est,
2188 3813 2252 3822 —
2287 3785 2625 3835 mediocribus

1566 3869 1679 3904 esse
1701 3854 1867 3920 poetis
1891 3853 2002 3904 Non
2026 3854 2275 3915 homines,
2304 3869 2405 3904 non
2428 3853 2497 3916 di,
2524 3867 2625 3903 non

1566 3936 1865 3972 concessere
1889 3924 2173 3974 columnae.

1634 4031 1726 4073 119.
1766 4025 2055 4083 tacendum,
2088 4024 2200 4074 weil
2237 4024 2318 4074 die
2355 4022 2519 4075 Sache
2559 4039 2624 4073 zu

1563 4099 1673 4141 zart
1696 4092 1776 4153 ist,
1804 4107 1890 4141 um
1915 4093 2132 4143 dariiber
2154 4093 2253 4142 viel
2283 4109 2347 4142 zu
2372 4093 2543 4151 reden,
2572 4107 2621 4140 u.

1565 4159 1723 4210 daher
1757 4175 1852 4210 nur
1894 4162 1963 4209 im
2011 4171 2296 4210 vertrauten
2337 4161 2624 4210 Freundes·

1564 4229 1732 4279 kreise
1757 4227 1980 4279 erwahnt
2003 4229 2206 4279 werden
2231 4228 2385 4281 kann.
