2930 4693
2227 108 2264 123 β

826 168 927 232 DE
958 166 1316 231 ORATORE
1355 167 1437 229 111
1480 167 1582 231 34.
1629 174 1937 229 136—138.
2372 175 2499 242 273

259 355 379 420 que
409 337 802 400 adventiciam
832 337 1055 399 defuit?
1098 337 1274 408 Num,
1306 338 1446 418 quia
1474 339 1568 399 ius
1597 335 1768 399 civile
1798 336 2106 409 didicerat,
2140 357 2349 402 causas
2377 358 2502 403 non

260 422 534 485 dicebat?
564 431 664 485 ant
693 423 829 504 quia
858 429 1095 503 poterat
1124 421 1344 494 dicere,
1374 423 1525 482 iuris
1553 423 1863 484 scientiam
1894 423 2283 503 neglegebat?
2323 426 2502 488 Utro-

262 510 469 588 quein
515 525 738 587 genere
780 514 839 568 et
881 506 1206 568 elaboravit
1245 515 1305 568 et
1343 508 1661 586 praestitit.
1749 507 1905 568 Num
1943 515 2192 588 propter
2231 509 2388 571 hanc
2425 524 2503 572 ex

259 595 629 673 privatorum
660 593 915 670 negotiis
947 591 1257 654 collectam
1288 593 1542 670 gratiam
1568 591 1800 653 tardior
1826 594 1891 652 in
1919 611 1988 654 re
2026 591 2266 672 publica
2296 612 2501 674 capes-

259 676 444 738 senda
469 677 615 738 fuit?
645 678 834 738 Nemo
856 675 1011 756 apud
1034 676 1322 756 populum
1347 676 1575 747 fortior,
1603 695 1779 737 nemo
1802 676 2016 738 melior
2037 686 2278 739 senator
2293 725 2309 749 ‚
2339 679 2502 739 idem

257 761 434 822 facile
464 763 725 841 optimus
752 763 1111 842 imperator,
1159 762 1417 840 denique
1447 759 1600 822 nihil
1627 761 1691 822 in
1721 761 1834 822 hac
1863 762 2099 824 civitate
2127 762 2503 842 temporibus

255 844 377 908 illis
407 848 548 908 sciri
592 846 813 921 discive
851 848 1063 926 potuit,
1107 846 1266 926 quod
1307 845 1410 906 ille
1450 863 1572 906 non
1615 864 1751 906 cum
1789 847 2160 925 investigarit
2199 855 2261 908 et
2299 849 2505 909 scierit

256 938 386 992 tum
431 933 611 992 etiam
653 932 1092 1010 conscripserit.
1178 931 1351 992 Nunc
1391 937 1600 991 contra
1639 928 1913 1010 plerique
1955 931 2027 992 ad
2068 932 2331 993 honores
2370 932 2495 994 adi·
2526 937 2631 1009 lati

254 1015 576 1095 piscendos
592 1023 655 1076 et
673 1015 747 1075 ad
769 1028 897 1076 rem
921 1014 1223 1095 publicam
1244 1014 1571 1094 gerendam
1594 1014 1740 1076 nudi
1757 1017 2004 1077 veniunt
2024 1025 2202 1097 atque
2215 1019 2499 1088 inermes,
2611 1018 2622 1033 ⁴

254 1098 424 1161 nulla
455 1102 797 1179 cognitione
826 1117 1052 1171 rerum,
1086 1099 1248 1162 nulla
1277 1101 1529 1161 scientia
1558 1102 1771 1161 ornati.
1862 1101 1967 1162 Sin
2011 1100 2222 1181 aliquis
2264 1101 2501 1164 excellit

252 1202 416 1246 unus
446 1203 480 1245 e
509 1183 728 1254 multis,
763 1184 934 1245 effert
960 1203 1046 1256 se,
1079 1187 1131 1246 si
1159 1202 1346 1246 unum
1378 1183 1598 1265 aliquid
1632 1183 1846 1255 adfert,
1877 1192 1981 1246 aut
2006 1185 2283 1248 bellicam
2313 1188 2499 1249 virtu-

257 1276 386 1330 tem
417 1276 518 1330 aut
543 1288 720 1330 usum
751 1268 1008 1348 aliquem
1039 1267 1390 1339 militarem;
1435 1287 1589 1349 quae
1618 1286 1761 1330 sane
1803 1287 1967 1331 nunc
1994 1271 2235 1350 quidem
2266 1270 2499 1332 obsole-

253 1360 506 1424 verunt;
539 1361 641 1415 aut
669 1355 819 1414 iuris
847 1354 1177 1425 scientiam,
1218 1372 1296 1414 ne
1337 1354 1467 1414 eius
1505 1352 1749 1432 quidem
1791 1355 2079 1424 universi;
2125 1374 2264 1416 nam
2303 1357 2499 1435 ponti-

255 1439 481 1507 ficium,
514 1438 674 1518 quod
705 1445 797 1499 est
826 1440 1228 1510 coniunctum,
1261 1456 1438 1499 nemo
1471 1436 1671 1507 discit3
1714 1445 1817 1498 aut
1857 1437 2276 1519 eloquentiam,
2321 1458 2499 1520 quam

247 1524 321 1583 in
352 1521 615 1584 clamore
656 1530 718 1584 et
754 1525 818 1583 in
852 1523 1177 1584 verborum
1227 1540 1407 1583 cursu
1446 1523 1703 1602 positam
1745 1529 1985 1602 putant;
2042 1526 2306 1584 omnium
2357 1541 2500 1584 vero

249 1607 552 1668 bonarum
594 1608 838 1678 artium,
880 1607 1137 1686 denique
1176 1608 1461 1668 virtutum
1501 1606 1768 1686 ipsarum
1809 1608 2151 1668 societatem
2196 1609 2500 1687 cognatio·

247 1708 515 1772 nemque
544 1709 667 1753 non
696 1699 937 1753 norunt.
1006 1691 1125 1753 Sed
1153 1699 1224 1752 ut
1251 1691 1326 1753 ad
1356 1691 1618 1762 Graecos
1647 1691 1926 1751 referam*
1938 1693 2286 1762 orationem,
2318 1694 2447 1773 qui·
2468 1685 2670 1758 34137

247 1775 372 1837 bus
403 1794 612 1837 carere
653 1776 771 1838 hoc
812 1775 1057 1855 quidem
1097 1776 1393 1836 sermonis
1432 1780 1655 1854 genere
1693 1793 1817 1835 non
1858 1794 2175 1856 possumus
2230 1776 2387 1857 (nam
2435 1784 2502 1838 ut

244 1862 491 1921 virtutis
513 1878 546 1920 a
564 1862 800 1931 nostris,
826 1860 913 1919 sic
927 1860 1237 1921 doctrinae
1257 1867 1397 1921 sunt
1416 1859 1495 1920 ab
1513 1859 1631 1920 iuis
1652 1859 1922 1940 exempla
1948 1861 2244 1942 petenda),
2271 1869 2500 1941 septem

246 1945 442 2007 fuisse
473 1943 754 2005 dicuntur
783 1962 904 2005 uno
933 1952 1228 2023 tempore,
1276 1946 1378 2025 qui
1407 1945 1710 2024 sapientes
1750 1951 1812 2006 et
1840 1944 2209 2008 haberentur
2239 1955 2299 2008 et
2327 1964 2499 2007 voca·

247 2037 487 2091 rentur.
576 2029 653 2089 Hi
682 2046 893 2090 omnes
920 2037 1162 2109 praeter
1189 2028 1483 2091 Milesium
1514 2028 1745 2091 Thalen
1786 2031 2121 2092 civitatibus
2161 2034 2284 2092 suis
2324 2049 2498 2111 prae·

247 2115 520 2179 fuerunt.
583 2113 728 2185 Quis
757 2113 991 2175 doctior
1021 2113 1246 2177 eisdem
1274 2112 1394 2175 illis
1420 2113 1798 2194 temporibus
1826 2123 1928 2182 aut
1957 2117 2126 2177 cuius
2156 2115 2499 2196 eloquentia

249 2198 472 2260 litteris
508 2199 859 2260 instructior
901 2199 1083 2260 fuisse
1124 2198 1381 2260 traditur
1409 2217 1588 2279 quam
1617 2199 1946 2261 Pisistrati?
1991 2202 2094 2280 qui
2120 2201 2351 2279 primus
2379 2200 2501 2260 Ho-

247 2284 409 2344 meri
448 2282 636 2344 libros
677 2282 958 2345 confusos
999 2289 1172 2344 antea
1204 2285 1289 2345 sic
1319 2283 1680 2364 disposuisse
1719 2282 1967 2356 dicitur,
2008 2290 2077 2345 ut
2116 2302 2276 2345 nunc
2314 2282 2501 2345 habe-

249 2387 407 2430 muS.
459 2368 595 2430 Non
624 2368 737 2430 suit
762 2367 865 2430 ille
895 2367 1136 2449 quidem
1167 2367 1394 2429 civibus
1424 2369 1547 2429 suis
1574 2365 1755 2437 utilis,
1786 2369 1892 2429 sed
1919 2370 2002 2429 ita
2025 2367 2362 2449 eloquentia
2390 2369 2501 2429 sso-

248 2454 406 2524 ruit,
449 2459 518 2513 ut
555 2452 772 2515 litteris
814 2454 1203 2533 doctrinaque
1241 2458 1594 2533 praestaret.
1671 2452 1825 2525 Quid
1864 2451 2164 2514 Pericles?
2222 2454 2295 2515 de
2336 2454 2639 2528 cuiusssl38

250 2537 495 2599 dicendi
522 2539 580 2598 vi
609 2539 696 2599 sic
726 2539 1093 2617 accepimus,
1125 2544 1217 2608 ut,
1253 2555 1390 2597 cum
1420 2543 1630 2600 contra
1657 2536 2021 2599 voluntatem
2040 2539 2500 2600 Atheniensium

247 2620 604 2702 loqueretur
631 2639 744 2702 pro
774 2622 963 2683 salute
992 2623 1222 2702 patriae
1252 2622 1544 2690 severius,
1591 2628 1794 2681 tamen
1839 2621 1900 2681 id
1927 2623 2153 2701 ipsum,
2198 2622 2357 2703 quod
2398 2620 2501 2683 ille

251 2713 462 2768 contra
491 2706 812 2787 populares
843 2707 1116 2768 homines
1146 2705 1398 2777 diceret,
1439 2704 1729 2785 populare
1773 2705 2048 2767 omnibus
2089 2715 2149 2767 et
2174 2705 2501 2769 iucundum

246 2790 584 2862 videretur;
631 2793 800 2856 cuius
826 2792 892 2857 in
920 2790 1105 2852 labris
1132 2797 1365 2852 veteres
1395 2791 1627 2861 comici,
1661 2792 1838 2852 etiam
1871 2810 2007 2853 cum
2036 2790 2124 2852 illi
2153 2790 2309 2854 male
2341 2792 2501 2853 dice·

320 2962 468 3025 apud
482 2963 743 3026 populum,
769 2959 886 3009 dem
913 2959 1196 3023 entspricht
1213 2959 1328 3009 her·
1438 2957 1531 3022 11,
1568 2968 1616 3008 17
1661 2974 1834 3010 rerum
1867 2962 2104 3026 exempla
2147 2962 2213 3011 ab
2248 2961 2506 3011 historicis

248 3027 388 3077 nach
411 3035 644 3087 senatun
673 3043 729 3078 es
753 3028 959 3077 werden
985 3027 1096 3076 also
1117 3028 1201 3078 die
1217 3027 1332 3076 hei-
1435 3035 1526 3077 aut
1551 3027 1755 3077 dicendi
1779 3029 1847 3077 ab
1872 3030 2162 3080 oratoribus
2186 3038 2450 3095 petuntur.
2485 3057 2492 3060 -

250 3096 354 3147 den
396 3096 573 3146 Seiten
608 3097 701 3146 des
735 3109 903 3161 genus
939 3095 1329 3146 deliberativum
1502 3102 1700 3160 septem
1742 3097 2031 3161 sapientes,
2079 3112 2125 3146 s.
2165 3096 2277 3147 ind.
2344 3111 2505 3161 prae·

248 3164 567 3229 angedeutet
635 3163 903 3224 (wiht-end
962 3163 1054 3212 (las
1113 3175 1334 3213 vorans·
1429 3163 1673 3227 fuerunt,
1709 3163 1780 3213 im
1802 3164 1957 3229 Krieg
1977 3163 2086 3214 und
2110 3164 2356 3227 Fdeden,
2386 3162 2507 3214 chi-

248 3230 491 3295 gehende
526 3245 593 3279 ex
616 3232 933 3296 privatorum
967 3231 1188 3295 negotiis
1222 3229 1334 3280 sich
1435 3229 1524 3280 lon
1546 3230 1624 3280 als
1652 3225 1687 3282 ἔ
1731 3245 1861 3309 09ος
1886 3221 2208 3297 ἐπώνυμος,
2246 3230 2401 3281 Solon
2428 3230 2505 3280 als

249 3298 351 3349 auf
380 3297 475 3348 das
506 3312 673 3362 genus
706 3297 947 3348 iudiciale
980 3297 1234 3361 bezieht):
1277 3298 1332 3347 in
1436 3287 1663 3364 ἅρχων(
1698 3296 2011 3363 πωνυμος),
2026 3298 2302 3347 Periander
2319 3299 2395 3347 als
2414 3298 2507 3345 der

251 3366 498 3428 contione
521 3365 632 3415 und
654 3365 707 3414 in
734 3372 937 3414 senatu.
1432 3365 1810 3415 bedentendste
1850 3374 2002 3415 unter
2035 3365 2135 3414 den
2167 3363 2500 3446 Kypseliden,

306 3434 521 3498 fortior,
542 3431 888 3497 energischer,
899 3432 1010 3482 sein
1022 3431 1173 3481 Wort
1189 3431 1330 3482 hlieb
1430 3431 1670 3483 Pittakus
1716 3431 2004 3498 gleichfalls
2062 3432 2140 3482 als
2198 3446 2500 3496 τυραννος,

251 3501 398 3550 nicht
421 3500 682 3565 erfolglos.
733 3498 815 3550 Or.
841 3499 927 3564 27,
952 3509 1020 3550 95.
1430 3500 1555 3552 Bias
1579 3500 1651 3551 im
1674 3500 1867 3565 Kampf
1896 3513 2063 3565 gegen
2098 3499 2199 3550 den
2235 3498 2502 3566 lydischen

252 3567 999 3701 11.‡3?·5.‘2225‘2{5{²;.’”’3⁸2·1³.¹¹‘¹·
1025 3567 1328 3634 ‘mmmm
1427 3567 2255 3701 iiffithvtzfffsiiaztdft'gss,
2269 3583 2327 3686 ἵζ’.
2351 3567 2503 3685 ἓῗέἓῗ

321 3702 416 3767 34,
454 3713 548 3758 137.
629 3706 844 3763 cienda,
877 3704 975 3753 wie
1000 3703 1092 3754 der
1114 3702 1327 3753 Abrinc.
1434 3704 1586 3755 buius
1632 3702 1710 3752 als
1754 3702 2109 3767 angesehener
2153 3702 2500 3754 Staatsmann.

252 3784 310 3820 u.
336 3772 430 3823 der
451 3772 554 3822 Eri.
628 3773 758 3822 aben
808 3772 936 3838 (nur
968 3771 1092 3822 dass
1126 3771 1203 3821 sie
1235 3771 1332 3820 mit
1432 3788 1536 3823 non
1565 3796 1635 3808 --
1664 3772 1806 3821 utilis
1839 3766 1901 3836 (S
1936 3768 2038 3821 139
2069 3785 2115 3821 s.
2141 3770 2258 3835 A.),
2293 3771 2370 3821 als
2404 3761 2504 3820 εὖ·

254 3838 586 3905 Auslassung
600 3855 704 3891 von
724 3840 964 3906 exempla
979 3839 1152 3890 lesenz
1170 3839 1333 3888 virtu·
1432 3852 1666 3905 ραννος,
1693 3837 1846 3889 eoru.
1865 3838 1997 3903 Nep.
2020 3838 2149 3887 Mitt.
2169 3852 2215 3888 c.
2228 3837 2279 3900 8,
2307 3847 2328 3887 1
2354 3851 2500 3886 nam—

253 3911 337 3957 tes
363 3931 422 3944 —
451 3909 713 3958 doctrinae
733 3933 800 3947 -
818 3903 1118 3974 petendae),
1143 3907 1214 3957 ist
1230 3906 1331 3957 wol
1431 3921 1535 3970 que
1556 3905 1902 3956 Athenienses
1925 3913 2135 3972 propter
2144 3904 2398 3955 Pisistrati
2417 3913 2501 3969 ty-

258 3971 350 4023 der
370 3975 726 4041 Vulgatlessrt
748 3975 1033 4042 repetenda
1055 3975 1330 4025 versutie·
1429 3973 1719 4035 renuidem,
1731 3974 1817 4037 qui
1828 3975 2010 4039 paucis
2027 3974 2178 4023 aunis
2189 3971 2503 4035 antefuerat,

257 4036 379 4096 hen.
426 4043 546 4094 Man
572 4051 690 4108 sagt
720 4052 954 4109 repetere
977 4058 1008 4093 a
1031 4044 1228 4109 capite,
1265 4043 1330 4093 ab
1431 4041 1662 4092 omnium
1684 4053 1896 4092 suorum
1918 4041 2106 4092 civium
2116 4041 2397 4107 potentiam
2413 4041 2503 4090 ei-

260 4115 393 4168 ortn,
415 4126 447 4160 a
469 4110 628 4173 fonte,
656 4111 723 4161 ab
744 4111 891 4161 initio
908 4127 962 4161 u.
982 4110 1109 4175 ἀει,
1134 4112 1261 4162 aber
1273 4110 1330 4159 in
1425 4110 1786 4161 timescebsnt.

256 4174 354 4226 der
373 4178 531 4245 Rege}
556 4178 794 4246 exempla
817 4186 1016 4245 petere.
1038 4177 1211 4238 Quint.
1229 4176 1329 4228 xil
1499 4184 1591 4229 188.
1626 4185 1831 4230 veteres
1850 4178 2053 4238 contisi,
2077 4177 2162 4229 die
2181 4174 2388 4228 Dichter
2411 4175 2503 4226 der
