2930 4693
907 242 1004 304 DE
1034 240 1389 303 ORATORE
1417 242 1443 302 1
1493 240 1589 302 19.
1621 247 1860 300 86—88.
2405 245 2487 308 35

269 413 407 474 serti
448 412 722 473 homines
766 411 1155 473 Athenienses
1206 419 1266 473 et
1312 413 1375 472 in
1416 430 1486 473 re
1514 411 1749 491 publica
1781 413 2089 492 causisque
2118 413 2369 482 versati,
2423 413 2491 472 in

263 503 391 578 quis
439 504 578 557 erat
630 500 803 557 etiam
854 498 934 568 is,
987 499 1089 577 qui
1127 515 1321 577 nuper
1361 497 1583 558 Romae
1613 497 1752 566 fuit,
1806 498 2187 559 Menedemus
2206 545 2221 567 ,
2271 498 2488 576 hospes

260 601 441 644 meus,
489 583 609 655 Qui
638 600 772 644 cum
804 581 1028 643 diceret
1056 600 1185 643 esse
1213 582 1510 662 quandam
1538 582 1909 663 prudentiam
1927 630 1942 652 ,
1974 601 2124 662 quae
2154 590 2488 643 versaretur

257 669 318 728 iu
346 668 781 748 perspiciendis
821 664 1148 729 rationibus
1185 668 1730 728 constituendarum
1774 675 1834 728 et
1860 667 2254 746 regendarum
2284 686 2486 728 rerum

255 752 660 832 publicarum,
714 751 1077 814 excitabatur
1118 753 1296 814 homo
1324 760 1636 833 promptus
1664 759 1838 832 atque
1870 752 2190 813 abundanti
2219 753 2488 813 doctrina

256 846 313 899 et
362 838 622 919 quadam
671 836 1007 898 incredibili
1045 840 1325 899 varietate
1365 856 1568 898 rerum
1600 845 1775 918 atque
1807 840 1993 916 copia.
2076 836 2297 899 Omnes
2328 840 2486 898 euim

252 930 452 1002 partes
481 923 645 985 illius
670 924 857 1002 ipsius
898 922 1246 1002 prudentiae
1287 923 1575 1003 petendas
1605 941 1733 984 esse
1775 942 1805 983 a
1836 922 2206 1002 philosophia
2238 922 2490 984 docebat

253 1026 445 1089 neque
479 1027 583 1078 ea,
629 1026 779 1088 quae
811 1014 1212 1069 statuerentur
1238 1010 1301 1069 in
1332 1026 1399 1068 re
1430 1008 1662 1087 publica
1696 1007 1769 1068 de
1800 1008 1891 1068 dis
1919 1006 2378 1075 immortalibus,
2411 1007 2486 1068 de

252 1093 567 1172 disciplina
595 1094 913 1154 iuventutis
936 1142 952 1164 ,
1006 1094 1080 1154 de
1108 1096 1326 1155 iustitia
1353 1142 1366 1166 ,
1417 1093 1492 1153 de
1521 1094 1825 1173 patientia,
1861 1093 1933 1154 de
1964 1094 2380 1173 temperantia,
2412 1092 2488 1152 de

252 1178 426 1239 modo
458 1197 667 1240 rerum
698 1180 983 1249 omnium,
1017 1186 1331 1258 ceteraque
1356 1227 1370 1250 ,
1402 1180 1533 1239 sine
1563 1177 1777 1258 quibus
1807 1180 2070 1239 civitates
2100 1186 2200 1239 aut
2230 1195 2358 1238 esse
2387 1183 2489 1238 aut

250 1263 402 1323 bene
431 1271 705 1324 moratae
736 1282 865 1326 esse
895 1282 1016 1325 non
1045 1272 1304 1343 possent,
1348 1282 1596 1343 usquam
1639 1265 1702 1325 in
1728 1282 1940 1324 eorum
1969 1264 2221 1323 inveniri
2250 1261 2483 1324 libellis,

251 1349 473 1420 Quodsi
507 1356 729 1410 tantam
759 1351 875 1409 vim
908 1367 1108 1410 rerum
1140 1352 1530 1410 maximarum
1562 1356 1688 1409 arte
1721 1367 1826 1409 sua
1856 1349 2141 1409 rhetorici
2166 1347 2253 1408 illi
2282 1347 2485 1408 docto·

248 1452 344 1495 res
373 1432 922 1514 complecterentur
949 1482 964 1505 ,
1011 1434 1359 1514 quaerebat,
1416 1452 1524 1494 cur
1565 1434 1638 1495 de
1681 1435 2002 1514 prooemiis
2043 1433 2208 1494 etde
2239 1431 2485 1512 epilogis

250 1526 308 1579 et
335 1519 410 1580 de
444 1519 792 1579 huiusmodi
843 1521 1016 1598 nugis
1047 1520 1152 1596 (sic
1194 1521 1353 1580 enim
1384 1518 1735 1598 appellabat)
1789 1518 1996 1579 referti
2038 1524 2236 1579 essent
2277 1536 2486 1579 eorum

247 1603 411 1673 libri,
470 1603 553 1664 de
584 1602 915 1665 civitatibus
955 1604 1360 1674 instituendis,
1393 1604 1467 1665 de
1495 1603 1828 1664 scribendis
1858 1602 2116 1682 legibus,
2178 1603 2253 1664 de
2283 1604 2484 1682 aequi-

245 1696 393 1759 tate,
447 1689 528 1749 de
559 1690 807 1758 iustitia,
858 1688 932 1749 de
961 1689 1107 1758 fide,
1161 1688 1235 1749 de
1266 1688 1613 1767 frangendis
1642 1687 2088 1768 cupiditatibuS,
2141 1687 2216 1748 de
2247 1686 2483 1749 confor-

231 1768 480 1834 mandis
511 1774 825 1834 hominum
855 1773 1121 1835 moribus
1151 1772 1344 1834 littera
1375 1773 1538 1834 nulla
1565 1776 1629 1835 in
1658 1792 1864 1835 eorum
1899 1772 2068 1833 libris
2095 1775 2479 1834 inveniretur.

245 1858 374 1937 Ipsa
403 1877 557 1920 vero
587 1864 904 1938 praecepta
935 1860 1020 1920 sic
1060 1858 1310 1919 illudere
1353 1858 1608 1928 solebat,
1652 1866 1719 1920 ut
1759 1858 2102 1921 ostenderet
2140 1876 2263 1920 non
2301 1858 2479 1919 modo

248 1962 346 2005 eos
388 1950 673 2024 expertes
704 1961 834 2004 oese
861 1942 1019 2004 illius
1047 1943 1427 2023 prudentiae,
1472 1963 1647 2024 quam
1691 1943 1803 2005 sibi
1831 1946 2219 2014 asciscerent,
2264 1944 2369 2005 sed
2402 1962 2481 2004 ne

246 2029 397 2090 hanc
439 2029 686 2110 quidem
714 2030 906 2107 ipsam
937 2028 1175 2089 dicendi
1214 2030 1505 2090 rationem
1547 2048 1615 2090 ac
1644 2030 1796 2091 viam
1827 2047 2021 2090 nosse.
2095 2029 2285 2108 Caput
2324 2030 2481 2089 enim

247 2113 653 2176 arbitrabatur
682 2131 812 2175 esse
842 2116 1122 2185 oratoriS,
1164 2121 1232 2175 ut
1271 2120 1331 2175 et
1366 2115 1495 2194 ipse
1525 2116 1639 2186 eis,
1683 2114 1838 2194 apud
1879 2134 2027 2195 quos
2057 2122 2288 2193 ageret,
2330 2113 2480 2184 talis,

191 2248 202 2259 .
247 2199 479 2279 qualem
532 2217 596 2260 se
628 2217 757 2260 esse
788 2205 1047 2278 optaret,
1100 2198 1430 2270 videremr;
1486 2198 1548 2259 id
1577 2199 1708 2260 fieri
1734 2200 1886 2260 vitae
1916 2200 2228 2278 dignitate,
2262 2198 2336 2259 de
2366 2217 2481 2277 qua

247 2284 392 2346 nihil
438 2285 729 2346 rhetorici
769 2285 867 2344 isti
910 2284 1184 2345 doctores
1224 2286 1288 2345 in
1326 2286 1661 2366 praeceptis
1702 2286 1822 2348 suis
1851 2284 2261 2365 reliquissent;
2307 2284 2482 2345 etuti

248 2372 315 2440 ei,
367 2372 475 2452 qui
521 2370 798 2431 audirent
818 2417 834 2440 ,
877 2372 963 2431 sic
994 2370 1391 2432 adficerentur
1419 2371 1660 2442 animis,
1713 2377 1778 2431 ut
1811 2389 1913 2431 eos
1942 2370 2114 2432 adfici
2147 2369 2319 2430 vellet
2348 2387 2480 2430 ora-

245 2464 366 2526 tor,
420 2455 585 2536 quod
628 2457 768 2515 item
811 2455 942 2516 fieri
982 2454 1144 2516 nullo
1185 2455 1361 2516 modo
1391 2474 1592 2536 posse,
1646 2457 1759 2516 nisi
1789 2461 2102 2534 cognosset
2129 2457 2209 2525 is,
2263 2456 2364 2534 qui
2394 2454 2479 2514 di-

246 2549 409 2602 ceret
430 2590 447 2613 ‚
507 2547 651 2620 quot
692 2540 884 2601 modis
911 2541 1216 2602 hominum
1248 2548 1479 2601 mentes
1509 2547 1569 2601 et
1596 2540 1808 2621 quibus
1859 2547 1919 2600 et
1947 2558 2063 2620 quo
2095 2558 2317 2619 genere
2348 2558 2480 2600 ora-

244 2627 421 2688 tionis
449 2627 518 2686 in
549 2643 843 2705 quamque
871 2632 1102 2704 partem
1133 2633 1545 2695 moverentur;
1589 2625 1736 2685 haec
1765 2632 1962 2686 autem
1993 2642 2121 2686 esse
2151 2626 2388 2704 penitus
2418 2625 2480 2684 in

246 2712 435 2773 media
473 2710 846 2790 philosophia
886 2717 1119 2771 retrusa
1151 2717 1326 2790 atque
1358 2710 1583 2781 abdita,
1628 2727 1779 2789 quae
1818 2711 1917 2770 isti
1945 2710 2218 2770 rhetores
2249 2728 2325 2769 ne
2355 2710 2477 2789 pri-

246 2796 516 2857 moribus
556 2794 794 2875 quidem
822 2794 1006 2857 labris
1035 2796 1381 2874 attigissent.
1452 2796 1537 2856 Ea
1566 2794 1949 2856 Menedemus
1979 2795 2265 2875 exemplis
2293 2795 2481 2874 magis

246 2899 420 2962 qnam
468 2881 834 2959 argumentis
876 2880 1203 2942 conabatur
1242 2879 1540 2942 refellere.
1610 2880 1953 2941 Memoriter
1995 2881 2155 2941 enim
2193 2879 2379 2942 multa
2409 2899 2482 2941 ex

246 3051 381 3115 quod
414 3049 564 3102 aliter
586 3064 689 3099 non
714 3055 916 3115 posset,
958 3050 1082 3114 quid
1104 3051 1153 3100 in
1182 3064 1307 3115 qua·
1410 3051 1492 3102 bei
1517 3053 1716 3102 weitem
1742 3052 2015 3116 iiberlegen
2040 3066 2158 3113 war,
2178 3066 2265 3100 um
2293 3050 2385 3100 mit
2408 3050 2482 3101 al-

245 3133 344 3182 que
365 3134 424 3169 re
449 3117 706 3168 versimile
721 3127 894 3180 esset,
920 3120 1166 3178 inveniri,-
1198 3119 1308 3169 also
1410 3119 1526 3173 lem¹
1546 3119 1848 3170 Nachdruck
1882 3120 2025 3169 diese
2054 3120 2353 3169 Prfitension
2391 3118 2482 3168 der

244 3184 352 3237 hier
383 3188 460 3237 im
493 3185 780 3250 Gegensatz
818 3202 882 3236 zu
917 3187 1016 3236 den
1050 3156 1310 3260 δόγματα
1410 3187 1714 3238 Rhetoriker
1739 3187 2205 3238 zurfickzuweisen.
2233 3188 2479 3238 s.d.krit.

2528 1354 2597 1406 86

2523 1863 2591 1918 87

2523 2795 2666 2847 88.

243 3254 333 3304 der
366 3254 600 3316 Stoiker,
642 3269 750 3304 was
784 3254 971 3305 mittels
1005 3255 1096 3305 des
1128 3270 1221 3320 pro
1253 3272 1306 3306 u.
1412 3254 1648 3321 Anhang.
1721 3256 1794 3305 Zu
1852 3255 1941 3305 der
1986 3256 2321 3320 Verbiudung
2381 3270 2478 3305 von
2530 3275 2533 3284 ·

245 3332 421 3373 contra
440 3322 792 3388 Disputierens
817 3322 1165 3387 aufgefunden
1182 3323 1309 3374 wird
1409 3333 1677 3389 promptus
1710 3324 1801 3373 mit
1834 3324 1949 3373 dem
1976 3323 2094 3374 Abl.
2130 3324 2264 3387 qual.
2300 3323 2405 3387 vgl.
2431 3323 2478 3373 II

243 3392 350 3441 und
383 3389 490 3442 sich
527 3388 751 3441 darnach
783 3389 859 3440 als
893 3389 1308 3440 wahrscheinlich
1410 3389 1505 3454 88,
1531 3400 1630 3442 660.

244 3458 636 3525 herausgestellt
656 3458 761 3521 hat,
790 3457 1211 3523 ‘Forschungenss
1478 3468 1546 3510 86.
1572 3461 1636 3511 de
1657 3461 1935 3525 prooemiis
1957 3457 2137 3522 11120,
2162 3468 2228 3510 75.
2273 3457 2404 3508 mul.
2433 3459 2476 3507 ll

314 3524 407 3590 19,
439 3536 509 3578 85.
552 3535 818 3593 promptus
848 3533 1000 3593 atque
1035 3527 1317 3578 abundanti
1413 3529 1447 3591 S
1470 3526 1521 3578 6.

245 3594 405 3645 Kaum
418 3593 844 3645 hatMenedemus
858 3596 957 3645 den
979 3610 1007 3644 e
1019 3610 1048 3644 n
1065 3605 1085 3644 t
1097 3610 1122 3644 s
1135 3594 1205 3644 ch
1218 3596 1312 3644 ei·
1480 3598 1627 3662 καρίς
1648 3595 1944 3660 Lappalien.

247 3662 496 3713 «lenden
552 3661 674 3714 Satz
728 3678 832 3713 von
888 3664 1002 3713 dem
1072 3663 1307 3714 beson-
1479 3673 1548 3714 87.
1584 3665 1726 3725 talis,
1767 3662 1926 3724 1141,
1964 3670 2057 3716 1⁷6.
2124 3664 2474 3722 eti—animis,

244 3717 426 3796 dern,
472 3731 748 3797 eigenen
781 3730 961 3781 Gebiet
1002 3731 1092 3781 der
1113 3730 1305 3782 Rheto—
1410 3731 1541 3782 nach
1567 3732 1667 3781 den
1690 3701 1870 3781 b'esten
1887 3730 1997 3793 Η8.,
2036 3747 2081 3780 z.
2107 3730 2164 3780 B.
2193 3730 2282 3779 der
2306 3731 2406 3779 Erl.
2438 3732 2473 3780 1.

247 3798 325 3847 rik
368 3797 808 3866 ausgesprochen,
855 3799 920 3849 da
963 3800 1100 3849 kann
1147 3798 1304 3849 Char·
1407 3800 1528 3865 Vgl.
1544 3799 1609 3849 de
1634 3799 1721 3850 off.
1748 3799 1879 3857 120,
1904 3807 1954 3849 66
1978 3805 2033 3848 ut
2057 3813 2172 3847 cum
2196 3799 2266 3847 ita
2289 3798 2362 3847 sis
2381 3800 2477 3849 ad·

248 3867 449 3931 medas,
497 3867 587 3917 der
619 3866 726 3917 sich
761 3882 843 3916 am
879 3866 1091 3918 Schluss
1138 3868 1306 3918 seiner
1402 3869 1576 3933 fectus
1599 3869 1780 3919 annno.
1815 3867 2034 3930 Andere,
2056 3867 2152 3916 wie
2175 3866 2277 3916 Erl.
2298 3865 2477 3926 11‚ha-

250 3934 700 4001 vorausgehenden
724 3934 1096 4000 Erorterungen
1120 3936 1309 3986 wieder
1409 3938 1509 3988 ben
1535 3950 1710 3986 eorum
1739 3961 1803 3970 —
1828 3935 2000 3984 animi.

248 4012 445 4065 gesetzt
467 4002 630 4066 hatte,
668 4002 808 4054 nicht
840 4002 986 4054 mehr
1007 4002 1157 4068 ruhig
1178 4004 1305 4054 blei·-
1475 4013 1542 4057 88.
1579 4003 1860 4055 conabatur
1890 4003 2155 4067 refellere,
2198 3999 2329 4052 nach
2376 4001 2475 4052 den

249 4069 374 4134 ben3
410 4086 467 4123 es
502 4070 658 4121 erhob
694 4070 805 4121 sich
840 4072 931 4121 der
963 4071 1303 4135 kampfbe-
1410 4074 1587 4122 besten
1622 4072 1710 4121 Hs.
1749 4078 1870 4120 statt
1903 4071 1992 4120 der
2014 4070 2360 4153 Vulgatlesart
2390 4085 2471 4119 re-

249 4107 408 4190 reit’e
429 4139 599 4200 Manu,
621 4139 712 4191 der
736 4138 896 4191 durch
919 4140 1307 4205 dieVielseitig-
1409 4139 1585 4189 fellere
1597 4140 1890 4189 conabatur.
1926 4139 2475 4203 inanimiapermoven-

250 4204 351 4255 keit
378 4222 432 4258 ιι.
467 4208 576 4259 den
600 4206 820 4273 Uml'ang
851 4208 1021 4259 seines
1053 4208 1307 4269 wiesche,
1410 4209 1493 4259 dis
1515 4223 1617 4259 non
1640 4209 1886 4274 iqnarum.
1906 4206 2224 4274 Nagelsbach
2235 4207 2345 4256 Lat.
2359 4205 2472 4257 Stil.

255 4271 343 4324 das
373 4274 479 4326 ihm
525 4290 590 4327 zu
632 4273 823 4328 Gebote
865 4276 1041 4338 stand,
1092 4276 1207 4329 dem
1237 4277 1305 4327 Μ.
1408 4277 1441 4340 S
1467 4274 1591 4340 100,
1617 4284 1688 4327 26.
