2930 4693
368 561 437 612 20

366 1320 427 1370 21

469 220 593 284 106
1108 211 1208 276 DE
1238 210 1597 277 ORATORE
1624 211 1677 274 11
1708 211 1767 274 6.
1800 217 2049 272 20-22,

467 391 669 447 nostra
700 400 768 444 re
796 380 1033 463 publica
1063 379 1332 444 volumus
1362 399 1521 452 esse,
1572 381 1789 443 horum
1820 381 2214 452 Graecorum,
2260 380 2362 460 qui
2398 398 2464 441 se
2503 378 2693 441 incul-

469 478 606 531 cant
634 467 877 530 auribus
906 468 1154 538 nostriS‚
1200 464 1423 528 similes
1452 466 1726 538 fuerunt,
1772 484 1884 527 nec
1913 472 2113 528 tamen
2141 466 2205 526 in
2235 466 2356 525 otio
2386 482 2695 526 sermones

464 553 801 615 huiusmodi
819 552 1361 633 disputationesque
1389 550 1716 630 fugiebant.
1766 551 1850 612 Ac
1872 552 1924 611 si
1951 549 2059 611 tibi
2086 549 2379 620 videntur,
2410 550 2515 629 qui
2544 556 2693 609 tem-

465 639 647 718 poris,
679 638 781 719 qui
809 636 943 708 loci,
974 637 1075 716 qui
1104 637 1412 697 hominum
1441 637 1736 697 rationem
1766 653 1887 695 non
1917 634 2155 705 habent,
2183 634 2387 715 inepti,
2418 634 2568 695 sicut
2592 632 2692 693 de·

466 721 610 785 bent
639 723 842 797 videri,
874 738 1019 784 num
1049 720 1288 781 tandem
1320 726 1421 781 aut
1446 719 1613 782 locus
1641 720 1742 780 hic
1770 737 1891 781 non
1920 719 2171 781 idoneus
2201 718 2452 789 videtur,
2482 719 2545 777 in
2576 735 2692 797 quo

467 808 732 886 porticus
761 807 910 867 haec
938 806 1097 887 ipsa,
1139 803 1242 865 nbi
1272 821 1430 867 nunc
1461 802 1858 876 ambulamus,
1904 810 1964 864 et
2005 801 2301 883 palaestra
2344 810 2403 863 et
2431 808 2518 862 tot
2547 799 2693 861 locis

466 893 759 952 sessiones
808 891 1249 969 gymnasiorum
1303 899 1360 951 et
1406 889 1768 950 Graecarum
1821 888 2283 968 disputationum
2340 887 2690 948 memoriam

465 973 900 1056 quodammodo
931 974 1335 1036 commovent?
1409 980 1511 1034 ant
1553 992 1696 1034 num
1736 974 2141 1053 importunum
2171 979 2406 1052 tempus
2433 972 2497 1031 in
2528 977 2691 1030 tanto

466 1061 586 1121 otio
604 1107 620 1132 ‚
673 1057 830 1139 quod
874 1065 936 1119 et
961 1075 1100 1120 raro
1132 1058 1304 1119 datur
1336 1066 1396 1119 et
1423 1075 1583 1120 nnnc
1612 1064 1924 1137 peroptato
1955 1055 2128 1118 nohis
2170 1055 2373 1117 datum
2416 1055 2539 1115 est?
2594 1061 2694 1114 aut

466 1144 738 1206 homines
767 1141 842 1204 ab
871 1142 988 1203 hoc
1018 1160 1237 1221 genere
1269 1143 1680 1223 disputationis
1721 1140 1927 1214 alieni,
1979 1142 2082 1221 qui
2122 1158 2331 1203 omnes
2369 1140 2428 1200 ei
2469 1156 2691 1208 sumuS,

464 1236 531 1289 ut
559 1229 687 1288 sine
716 1227 810 1288 his
840 1225 1050 1289 studiis
1078 1228 1257 1287 vitam
1287 1225 1507 1290 nullam
1540 1244 1669 1288 esse
1700 1227 2018 1288 ducamus?

633 1311 843 1373 Omnia
883 1313 1022 1382 ista,
1062 1312 1255 1392 inquit
1283 1313 1618 1383 CRASSUS,
1663 1329 1773 1391 ego
1805 1309 1919 1372 alio
1948 1310 2126 1372 modo
2156 1311 2551 1389 interpretor,
2592 1308 2693 1387 qui

465 1398 724 1477 primum
753 1395 1106 1477 palaestram
1140 1404 1200 1457 et
1228 1396 1398 1458 sedes
1429 1403 1491 1457 et
1515 1398 1781 1476 porticus
1812 1396 1988 1456 etiam
2031 1396 2220 1475 ipsoS,
2254 1392 2475 1464 Catule,
2508 1393 2691 1453 Grae-

466 1499 568 1542 cos
598 1482 1035 1542 exercitationis
1065 1488 1125 1542 et
1166 1480 1574 1542 delectationis
1616 1499 1820 1551 causa,
1871 1498 1992 1540 non
2034 1479 2445 1559 disputationis
2463 1525 2480 1548 ,
2529 1478 2690 1536 inve·

466 1567 623 1628 nisse
653 1564 931 1627 arbitror.
991 1566 1138 1628 Nam
1170 1573 1230 1627 et
1258 1565 1510 1628 saeculis
1538 1565 1741 1628 multis
1771 1572 1907 1627 ante
1937 1564 2240 1643 gymnasia
2269 1564 2507 1623 inventa
2536 1569 2691 1627 sunt,

464 1669 640 1730 quam
683 1653 747 1711 in
791 1651 875 1712 eis
914 1649 1251 1731 philosophi
1296 1651 1527 1729 garrire
1568 1656 1923 1730 coeperunt,
1973 1656 2032 1710 et
2073 1649 2189 1710 hoc
2229 1649 2358 1728 ipso
2400 1654 2688 1727 tempore,

465 1754 601 1797 cum
631 1737 832 1798 omnia
860 1736 1160 1814 gymnasia
1202 1733 1541 1815 philosophi
1582 1741 1851 1804 teneant,
1905 1740 2104 1795 tamen
2145 1750 2352 1794 eorum
2394 1731 2693 1792 auditores

465 1819 692 1881 discum
723 1818 929 1880 audire
959 1837 1135 1898 quam
1152 1819 1572 1899 philosophum
1594 1818 1848 1889 malunt;
1881 1819 1982 1898 qui
2004 1815 2178 1879 simul
2202 1824 2269 1878 ut
2287 1818 2602 1897 increpuit,
2624 1817 2690 1875 in

463 1902 661 1963 media
689 1904 957 1963 oratione
988 1901 1061 1963 de
1091 1905 1363 1965 maximis
1391 1903 1573 1965 rebus
1603 1911 1662 1965 et
1691 1904 2049 1983 gravissimis
2071 1903 2468 1982 disputantem
2496 1899 2690 1981 philo·

465 1986 715 2066 sophum
748 2004 957 2047 omnes
985 1987 1282 2048 unctionis
1311 2006 1487 2049 causa
1515 1987 1878 2069 relinquunt.
1928 1987 2016 2048 Ita
2045 1985 2401 2049 levissimam
2434 1984 2689 2046 delecta-

404 2086 414 2101 ·
464 2072 689 2133 tionem
719 2071 1115 2149 gravissimae,
1148 2080 1215 2132 nt
1240 2072 1355 2151 ipsi
1383 2072 1600 2144 ferunt,
1645 2072 1882 2134 utilitati
1909 2078 2294 2151 anteponunt.
2357 2070 2554 2131 Otium
2584 2087 2689 2130 au-

464 2162 585 2217 tem
614 2155 774 2235 quod
805 2155 951 2216 dicis
981 2174 1140 2227 esse,
1172 2155 1506 2227 adsentior;
1551 2174 1756 2219 verum
1788 2157 1892 2217 otii
1919 2157 2146 2221 fructus
2175 2163 2264 2217 est
2292 2173 2412 2216 non
2443 2162 2689 2216 conten-

465 2241 548 2301 tio
579 2241 791 2312 animi,
835 2239 940 2301 sed
969 2239 1270 2302 relaxatio.
1333 2240 1523 2321 Saepe
1554 2259 1626 2302 ex
1656 2258 1863 2302 socero
1892 2259 2027 2303 meo
2070 2239 2294 2312 audivi,
2339 2258 2474 2301 cum
2516 2241 2567 2299 is
2597 2238 2687 2303 di-

465 2331 629 2386 ceret
678 2343 952 2387 socerum
1004 2344 1173 2389 suum
1214 2324 1481 2388 Laelium
1523 2344 1758 2408 semper
1795 2325 1922 2388 fere
1965 2344 2100 2389 cum
2130 2326 2407 2407 Scipione
2449 2323 2687 2386 solitum

463 2411 738 2472 rusticari
767 2428 985 2491 eosque
1025 2410 1457 2473 incredibiliter
1484 2429 1910 2493 repuerascere
1953 2430 2082 2489 esse
2123 2410 2353 2483 solitoS‚
2406 2427 2542 2472 cum
2583 2427 2690 2470 rus

529 2596 720 2657 horum,
741 2597 831 2647 der
848 2596 1105 2662 heutigen‚
1118 2597 1414 2663 modernen,
1426 2598 1525 2648 wie

1624 2598 1849 2664 geltend.
1930 2599 2056 2648 Dem
2113 2597 2434 2648 natiirlichen
2495 2594 2686 2662 griech.

463 2665 538 2714 sie
561 2664 671 2715 sich
697 2664 933 2716 dazumal
952 2666 1004 2715 in
1024 2666 1149 2716 Rom
1171 2665 1450 2716 aul'hielten
1470 2683 1520 2717 u.

1625 2666 2060 2717 Volkseharakter
2095 2664 2431 2732 entsprachen
2466 2665 2685 2729 derglei-

464 2733 556 2781 mit
573 2731 734 2781 ihrem
747 2732 821 2782 oft
837 2731 1020 2784 hochst
1036 2732 1375 2851 lacherlissen
1386 2735 1526 2784 Wis-

463 2798 715 2849 sensstolz
726 2800 1037 2852 u.derihnen
1049 2802 1264 2866 eigenen
1310 2803 1522 2867 ndring·

464 2864 631 2916 lichen
643 2864 1105 2933 Geschwfitzigkeit
1127 2869 1243 2919 dem
1262 2880 1524 2920 ernsteren

463 2934 649 2983 Romer
665 2932 941 2999 allerdings
961 2934 1079 2985 sehr
1105 2935 1277 3001 ‘inept’
1298 2936 1520 2988 erschei·

466 3015 564 3050 nen
593 3007 842 3051 mnssten.

530 3077 598 3117 2ο.
618 3069 850 3132 porticus
858 3070 1126 3132 palaestra
1145 3071 1416 3132 sessiones,
1439 3072 1523 3121 die

472 3135 580 3185 also
619 3134 749 3184 doch
774 3134 988 3186 Crassus
1026 3135 1154 3185 nach
1189 3137 1305 3186 dem
1328 3139 1525 3188 Muster

465 3204 556 3252 der
581 3216 639 3252 so
663 3201 983 3253 verachteten
1012 3203 1259 3255 Griechen
1293 3205 1386 3256 aui*
1416 3206 1520 3257 sei—

465 3285 555 3320 ner
576 3270 715 3321 Villa
748 3270 886 3320 hatte
909 3270 1125 3337 anlegen
1158 3273 1348 3327 lassen.
1379 3289 1520 3340 gym-

463 3340 736 3391 nasiorum.
773 3338 847 3389 Zu
872 3339 988 3389 dem
1012 3339 1206 3405 griech.
1229 3341 1408 3392 Worte
1431 3343 1519 3392 be-

464 3405 582 3456 darf
614 3421 669 3457 es
705 3407 798 3456 des
831 3407 1082 3457 Attribnts
1120 3408 1423 3460 Graecorum
1465 3411 1518 3459 in

461 3474 659 3524 diesem
683 3474 1089 3525 Znsammenhan
1130 3490 1158 3524 e
1181 3475 1336 3527 nicht.
1454 3539 1457 3540 ⁷

529 3544 688 3593 vitam
704 3545 887 3593 nullam
921 3540 1051 3607 βίον
1117 3540 1341 3609 βίωτον.
1378 3544 1518 3595 Lael.

463 3606 513 3669 6,
538 3618 590 3658 22
613 3610 702 3673 qui
733 3614 904 3676 potest
935 3626 1051 3663 esse
1084 3613 1188 3662 vita
1223 3613 1418 3676 vitalis,
1462 3621 1522 3664 ut

464 3676 535 3725 ait
557 3675 768 3727 Ennius.

531 3753 599 3795 21.
645 3746 1033 3797 emer-citationis
1077 3747 1186 3797 also
1231 3749 1517 3812 urspriing·

464 3810 566 3861 lich
599 3828 665 3863 zu
698 3812 813 3863 dem
848 3813 958 3863 rein
983 3813 1306 3879 praktischen
1334 3815 1517 3865 Zweck

464 3892 566 3929 von
598 3879 1039 3946 Leibesiibungen.
1108 3883 1298 3933 discum
1336 3884 1522 3933 audire

462 3949 670 3998 malunt.
694 3947 796 3998 Das
806 3947 978 3999 Leben
996 3950 1064 3999 ist
1081 3949 1191 3999 also
1203 3948 1335 3999 doch
1347 3948 1520 4000 mich·

463 4014 619 4078 ἥδοι’,
654 4016 828 4088 ιικᾱίε
858 4015 1028 4066 wahre
1050 4033 1103 4069 u.
1131 4016 1519 4082 urspriingliche

463 4078 817 4147 Bestimmung
861 4083 953 4133 der
995 4084 1303 4150 Gymnasien
1351 4084 1521 4135 macht

463 4144 575 4195 sich
606 4161 699 4196 vor
739 4149 828 4199 der
869 4154 1041 4215 spater
1079 4166 1517 4216 angenommenen

462 4211 546 4262 bei
571 4213 709 4262 einer
742 4215 949 4267 solchen
975 4218 1303 4283 Gelegenheit
1333 4220 1522 4270 wieder

1623 2733 1755 2785 chen
1792 2735 2221 2798 Leibesiibungen
2263 2732 2409 2795 eher,
2450 2733 2527 2784 als
2564 2732 2687 2796 jene

1628 2801 1817 2867 philos.
1843 2801 2252 2867 Disputationen.

1694 2871 1749 2920 in
1779 2871 1947 2921 media
1988 2871 2226 2920 oratione
2272 2877 2394 2928 etc„
2438 2868 2686 2918 trotzdem

1628 2937 1749 2987 dass
1772 2937 1880 2987 also
1907 2935 2065 2987 sehon
2085 2937 2169 2986 die
2179 2936 2463 3002 Spannnng
2479 2939 2685 3001 grosser

1625 3004 1734 3053 und
1758 3004 1849 3053 das
1869 3006 2121 3056 Interesse
2138 3019 2220 3053 am
2243 3004 2568 3069 Gegenstand
2593 3004 2682 3054 be-

1626 3070 1908 3121 dentender
1930 3073 2036 3122 sein
2063 3080 2275 3123 musste.

1695 3137 1745 3199 6,
1770 3147 1839 3191 22.
1861 3140 2123 3190 rusticari.
2150 3140 2267 3189 Hor.
2290 3149 2384 3191 sat.
2411 3140 2457 3190 11
2485 3138 2534 3206 1,
2557 3148 2608 3189 ι71
2626 3139 2685 3190 ff.

1626 3207 1757 3267 Quin
1792 3207 1884 3256 ubi
1917 3221 1975 3257 se
2008 3222 2040 3256 a
2061 3206 2215 3272 vulgo
2245 3215 2294 3256 et
2318 3221 2503 3257 scaena
2524 3208 2574 3256 in
2597 3222 2682 3257 se-

1626 3285 1762 3325 creta
1779 3284 2034 3325 remorant
2046 3276 2219 3325 Virtus
2235 3274 2504 3340 Scipiadae
2521 3283 2572 3324 et
2589 3275 2687 3324 mi-

1621 3342 1687 3392 tis
1729 3342 1981 3408 sapientia
2011 3342 2176 3400 Laeli;
2220 3342 2407 3406 Nugari
2449 3357 2560 3392 cum
2594 3342 2681 3391 illo

1625 3406 1727 3474 (sc.
1742 3408 1963 3475 Lucilio)
1985 3418 2034 3459 et
2052 3410 2283 3461 discincti
2306 3410 2496 3469 ludere,
2517 3411 2683 3460 donec

1622 3476 1759 3528 Deco
1797 3485 2001 3528 ueretur
2025 3478 2153 3538 olus,
2180 3477 2330 3527 soliti.
2356 3477 2525 3528 Valer.
2539 3477 2680 3530 Max.

1623 3544 1743 3595 VIII
1835 3546 1922 3609 (de
1946 3545 2047 3595 otio
2081 3544 2308 3607 laudato)
2342 3552 2365 3594 1
2399 3545 2497 3595 Par
2528 3558 2681 3596 verae

1624 3613 1878 3664 amicitiae
1910 3613 2250 3663 clarissimum
2276 3610 2447 3677 Scipio
2473 3620 2523 3661 et
2544 3612 2678 3662 Lae-

1620 3680 1748 3740 lius,
1775 3695 1890 3731 cum
1914 3681 2101 3730 amoris
2123 3679 2356 3741 vinculo,
2393 3687 2502 3729 tum
2528 3681 2678 3729 etiam

1623 3749 1847 3799 omnium
1861 3748 2102 3798 virtutum
2124 3749 2257 3797 inter
2270 3747 2494 3797 seiuncti
2514 3747 2683 3798 socie-

1618 3823 1753 3880 tate,
1792 3824 1850 3865 ut
1889 3823 2128 3876 actuosae
2167 3816 2302 3865 vitae
2341 3815 2438 3865 iter
2477 3812 2682 3879 aequali

1622 3883 1787 3948 gradu
1810 3883 2244 3947 exsequebantur,
2274 3883 2344 3931 ita
2364 3883 2521 3932 animi
2545 3895 2678 3945 quo-

1623 3965 1724 4014 que
1734 3949 2022 3999 remissioni
2039 3950 2374 4001 communiter
2382 3950 2677 4013 acquiesce-

1622 4020 1761 4068 bant.
1800 4017 2011 4068 Constat
2034 4032 2269 4082 namque,
2296 4031 2383 4067 eos
2403 4015 2607 4066 Caietae
2625 4026 2681 4066 et

1620 4084 1858 4135 Laurenti
1885 4098 2041 4151 vagos
2066 4085 2296 4134 litoribus
2329 4085 2601 4135 conchulas
2624 4093 2682 4133 et

1623 4154 1841 4204 calculos
1863 4152 2145 4213 lectitasse3
2179 4152 2334 4214 idque
2358 4166 2415 4201 se
2438 4152 2497 4206 L.
2524 4151 2677 4201 Cras·

1623 4235 1712 4269 sus
1748 4235 1813 4269 ex
1845 4235 2022 4270 socero
2057 4233 2150 4269 suo
2184 4219 2241 4281 Q.
2268 4218 2542 4279 Scaevola,
2588 4221 2682 4282 qui
