2930 4693
478 190 602 252 394
1126 200 1201 247 11.
1246 202 1671 251 mescnssn
1713 206 2029 255 amnuo.

478 368 579 404 non
618 354 743 405 nulli
778 352 1000 421 [ridiculi
1039 354 1290 426 homines]
1330 358 1428 410 hoc
1461 362 1628 427 ipsum
1665 377 1765 414 non
1805 362 1997 414 insulse
2043 359 2481 430 [interpretantur]
2530 364 2702 414 dicere

482 419 663 489 [enim]
691 425 833 477 aiunt
859 426 1126 490 Ennium.)

614 496 681 546 25
698 532 712 559 ,
736 506 814 547 225
850 504 1002 563 gestu
1028 497 1164 547 omni
1192 499 1546 549 eLimminenti
1572 499 1629 551 P.
1661 510 1782 551 statt
1807 510 1960 567 gestu
1991 504 2126 552 omni
2150 510 2200 552 et
2223 503 2523 552 imminenti.
2564 511 2614 551 et
2640 503 2707 552 ist

477 564 705 615 offenbar
745 580 841 615 nur
877 566 960 615 ein
998 565 1370 621 Sclueibsehler
1407 569 1491 618 fiir
1531 571 1595 622 ei.
1635 570 1826 636 (Kochs
1864 571 1896 623 1.
1929 572 1963 622 l.
2005 588 2055 638 p.
2094 572 2198 623 484
2238 571 2509 636 Coujectur
2552 579 2707 637 gestu

476 635 778 697 ostendenti,
807 634 947 686 vultu
973 637 1184 688 minanti
1209 638 1276 688 ist
1303 637 1600 700 unhaltbar3
1633 641 1919 691 ostendenti
1950 645 2086 691 ware
2115 642 2245 692 nach
2273 640 2441 701 Quint.
2466 639 2540 690 XI
2571 641 2624 703 3,
2654 651 2706 691 88

479 705 563 755 ein
588 703 975 757 entschiedener
999 706 1197 757 Fehler.

608 775 673 825 61
690 812 705 836 ,
735 784 814 826 248
850 774 1078 828 honestis
1105 778 1157 828 in
1187 777 1337 827 rebus
1362 786 1412 827 et
1436 778 1632 828 severis
1655 778 1711 830 P.
1741 786 1861 828 statt
1885 778 2112 831 honestis
2139 781 2193 829 in
2216 781 2374 831 rebus
2403 794 2598 830 severe.

611 844 710 906 61,
738 853 816 895 249
853 854 1131 897 nascuntur
1161 847 1333 896 omnia
1356 846 1461 900 Erl.
1491 847 1564 896 lb
1593 855 1710 897 statt
1735 849 1904 898 omnia
1931 858 2224 901 nascuntur.

584 913 707 1034 h64,
735 923 812 965 257
852 924 908 965 ut
934 914 1080 967 Statii
1104 931 1136 966 a
1159 914 1350 967 Scauro
1379 914 1726 969 stomachante
1749 918 1889 969 Bake
1921 928 2042 970 statt
2067 928 2123 970 ut
2149 918 2339 970 Statius
2368 916 2559 969 Scauro
2595 926 2706 967 sto-

471 999 583 1035 mac
619 985 743 1039 anti.

607 1053 695 1119 67,
719 1063 799 1105 270
834 1054 957 1106 dicit
981 1053 1141 1107 fuisse
1178 1057 1426 1121 eqreyt’um
1449 1063 1500 1106 et
1527 1054 1717 1107 Graeco
1742 1072 1859 1106 eum
1897 1059 2048 1109 verbo
2079 1059 2303 1125 appellat
2330 1058 2388 1107 Ρ.
2425 1063 2548 1108 statt
2582 1057 2707 1105 dicit

471 1126 509 1192 †
537 1124 702 1175 fuisse
733 1133 928 1175 etcum
959 1122 1149 1177 Graeco
1178 1126 1330 1176 verbo
1359 1126 1600 1193 appellat.
1674 1125 1911 1179 Offenbar
1941 1129 2008 1178 ist
2041 1129 2134 1179 das
2168 1129 2317 1178 Wort
2342 1127 2612 1193 egregium
2650 1127 2704 1174 in

470 1198 570 1246 den
613 1195 700 1244 Hs.
727 1193 1077 1261 ausgefallen,
1106 1211 1213 1248 was
1241 1210 1421 1262 wegen
1462 1197 1554 1246 der
1586 1195 1939 1248 Aehnlichkeit
1977 1199 2070 1248 der
2094 1197 2421 1262 Schriftziige
2455 1197 2549 1245 mit
2585 1197 2703 1245 dem

470 1264 749 1332 folgenden
774 1272 823 1313 et
853 1262 1044 1316 Graeco
1070 1280 1184 1316 eum
1209 1265 1361 1316 leicht
1387 1265 1680 1333 geschehen
1708 1266 1894 1318 konnte
1924 1265 2084 1326 (denn
2107 1282 2166 1319 so
2192 1266 2308 1318 sind
2335 1265 2464 1315 nach
2488 1265 2591 1315 den
2618 1264 2702 1314 hs.

469 1333 667 1401 Spuren
694 1333 975 1384 dieWorte
1003 1350 1068 1384 zu
1085 1335 1283 1395 stellen,
1313 1344 1362 1385 et
1386 1335 1516 1386 fehlt
1541 1337 1609 1384 im
1637 1335 1738 1386 Erl.
1761 1337 1859 1401 ll);
1890 1336 2053 1387 fuisse
2076 1339 2127 1387 in
2151 1336 2249 1387 hoc
2272 1351 2461 1402 genere
2488 1336 2546 1385 al
2563 1334 2704 1384 lein

470 1404 593 1471 geht
619 1406 931 1471 wenigstens
964 1404 1058 1454 auf
1088 1405 1272 1455 keinen
1309 1406 1415 1455 Fall
1455 1420 1549 1465 an;
1591 1405 1698 1455 und
1737 1421 1827 1455 vor
1867 1407 2094 1457 Ellendts
2125 1408 2449 1471 Vermutung
2486 1404 2704 1453 multum

471 1474 631 1525 fuisse
658 1473 792 1539 (was
824 1471 967 1523 mehr
999 1475 1081 1523 ein
1109 1474 1263 1524 Tadel
1295 1474 1460 1540 ware)
1508 1475 1630 1526 oder
1656 1475 1819 1527 Bakes
1858 1477 2092 1528 floruisse
2139 1476 2370 1526 verdient
2394 1476 2477 1525 die
2515 1488 2706 1540 vorge-

469 1543 744 1611 schlagene
757 1544 1068 1611 Erganzung
1085 1543 1470 1595 unzweifelhaft
1487 1545 1585 1595 den
1604 1547 1835 1611 Vorzug.
1861 1543 2006 1613 (Vgl.
2028 1544 2154 1606 149,
2175 1554 2252 1594 215
2271 1546 2324 1594 in
2345 1545 2704 1610 procuratione

468 1615 685 1664 civitatis
708 1613 968 1680 egregius.
1019 1613 1161 1668 Brut.
1192 1614 1276 1676 21,
1304 1623 1356 1664 84
1395 1615 1449 1663 ὶιι
1486 1629 1587 1678 qua
1625 1630 1696 1665 sc.
1727 1616 1906 1665 bellica
1932 1615 2082 1666 laude
2118 1615 2385 1682 egregium
2414 1614 2701 1680 reperImus

467 1683 629 1735 fuisse
653 1682 930 1745 Laelium.)
2468 1723 2473 1729 .

605 1754 691 1818 67,
716 1762 792 1802 271
825 1768 892 1803 ex
927 1753 1113 1817 quibus
1152 1768 1183 1802 a
1219 1768 1300 1804 me
1336 1753 1556 1820 exempli
1592 1768 1748 1805 causa
1784 1754 2025 1804 nonnulla
2068 1761 2327 1820 ponuntur
2361 1752 2489 1802 nach
2521 1751 2697 1802 Orellis

468 1822 791 1890 Vermutung
817 1830 937 1873 statt
966 1838 1032 1872 ex
1061 1822 1246 1887 quibus
1283 1838 1314 1873 a
1343 1839 1423 1874 me
1449 1823 1669 1889 exempli
1706 1839 1861 1875 causa
1897 1825 1935 1889 -ς-
1971 1826 2131 1873 multa
2154 1834 2413 1889 ponuntur
2443 1823 2695 1884 (Ellendtt

467 1892 731 1958 compiura
756 1891 886 1942 nach
915 1891 1011 1959 Lg.
1042 1894 1094 1944 2.
1122 1891 1207 1945 36.
1260 1891 1326 1943 So
1357 1893 1486 1944 auch
1512 1892 1720 1958 Kayser.
1757 1895 1860 1944 Erl.
1887 1897 1908 1945 1
1938 1893 1968 1943 b
1997 1892 2085 1942 hat
2112 1894 2299 1956 multa3
2328 1894 2400 1941 im
2427 1892 2533 1942 Erl.
2563 1893 2607 1942 ΙΙ
2635 1893 2701 1941 ist

466 1962 560 2013 das
583 1962 733 2012 Wort
758 1962 1114 2013 verunstaltet:
1141 1977 1398 2029 copusena
1422 1964 1555 2026 (was
1576 1963 1830 2015 vielleicht
1851 1963 1967 2014 auf:
1999 1979 2062 2014 ex
2086 1964 2271 2028 quibus
2296 1978 2325 2013 a
2352 1977 2434 2012 me
2463 1962 2703 2027 exempla

467 2033 727 2099 copiosius
753 2039 1012 2098 ponuntur
1037 2031 1221 2083 ffihren
1252 2033 1487 2097 konnte).

604 2119 700 2173 74,
726 2126 804 2171 300
835 2134 988 2183 quam
1024 2118 1298 2170 vehemens
1328 2119 1481 2170 fuerit
1516 2118 1655 2170 Koch
1681 2121 1715 2170 l.
1742 2120 1779 2170 l.
1809 2136 1860 2186 p.
1886 2120 2009 2171 484.
2057 2119 2157 2169 Der
2183 2119 2391 2171 Abrinc.
2426 2117 2514 2169 hat
2544 2131 2701 2182 quam

466 2196 632 2239 tamen
670 2187 850 2251 fuerit,
892 2188 983 2239 der
1017 2190 1171 2241 Erl.1
1206 2188 1569 2257 urspriinglich
1606 2190 1793 2241 ebenso
1830 2189 1931 2255 quai
1965 2198 2091 2243 tam.
2127 2189 2300 2252 fuerit,
2340 2203 2439 2240 von
2467 2191 2702 2254 spaterer

465 2300 613 2352 Hand
634 2301 755 2351 aber
784 2301 1080 2369 corrigiert:
1110 2296 1208 2367 quii
1236 2297 1356 2369 talm
1377 2276 1626 2370 ·enf'11erit,
1651 2303 1743 2354 der
1764 2302 1870 2354 Erl.
1900 2304 1946 2364 ΙΙ
1973 2302 2060 2353 hat
2086 2303 2224 2354 bloss
2256 2309 2446 2368 quanta
2470 2300 2640 2353 fuerit.

604 2388 694 2449 74,
726 2395 805 2438 302
842 2403 995 2452 quam
1022 2391 1159 2453 quod
1181 2391 1388 2440 Abrinc.
1419 2389 1525 2441 Erl.
1551 2392 1590 2443 Ι.
1615 2392 1659 2439 ΙΙ
1685 2397 1805 2441 statt
1833 2405 1985 2454 quam
2013 2405 2144 2439 cum.

603 2457 700 2520 75,
724 2466 801 2507 305
839 2472 899 2507 ea
931 2467 987 2510 tu
1016 2459 1069 2507 in
1101 2460 1412 2511 adversariis
1446 2460 1802 2527 exprobrando
1832 2461 2042 2512 Abrinc.
2075 2460 2183 2513 Erl.
2212 2461 2232 2510 1
2262 2466 2383 2509 statt
2409 2475 2469 2508 ea
2495 2467 2552 2508 tu
2595 2454 2697 2522 [in]

466 2529 772 2579 adversariis
799 2529 1153 2592 exprobrando
1183 2529 1277 2599 (in,
1305 2529 1398 2581 das
1427 2530 1558 2581 auch
1581 2532 1651 2580 im
1678 2529 1784 2579 Erl.
1812 2531 1855 2580 ΙΙ
1878 2529 2033 2592 fehlt,
2061 2530 2190 2580 wird
2214 2545 2312 2580 von
2340 2529 2573 2591 Lambin,
2598 2528 2698 2577 Er-

466 2599 622 2662 nesti,
648 2596 984 2659 Henrichsen,
1011 2598 1235 2663 Ellendt,
1262 2599 1457 2666 Kayser
1485 2597 1813 2665 verworfen).
1864 2598 1873 2603 “

604 2685 692 2749 77,
719 2693 796 2736 312
828 2684 896 2735 ad
922 2685 1216 2752 augendum
1242 2694 1291 2736 et
1313 2686 1380 2736 ad
1403 2688 1686 2738 ornandum
1711 2687 1923 2739 Lambin
1954 2687 2061 2737 und
2082 2684 2273 2736 Schiitz
2298 2683 2429 2733 nach
2454 2683 2541 2733 Hs.
2572 2691 2700 2733 statt

465 2756 723 2821 agendum
748 2763 798 2805 et
826 2757 1109 2806 ornandum
1142 2757 1224 2818 (so
1248 2756 1379 2808 auch
1410 2757 1638 2820 Ellendt,
1674 2757 1892 2822 Kayser:
1935 2757 2147 2812 Abrinc.
2174 2756 2274 2806 Erl.
2304 2756 2342 2820 Ι,
2367 2755 2410 2802 ΙΙ
2438 2754 2502 2803 ad
2532 2768 2700 2819 agen-

463 2826 584 2874 dum
618 2831 667 2874 et
689 2824 755 2874 ad
780 2826 1108 2892 ornandum).

600 2911 685 2972 77,
711 2919 788 2960 814
821 2911 958 2978 Ergo
994 2920 1051 2963 ut
1089 2913 1142 2962 in
1177 2923 1375 2965 oratore
1403 2914 1607 2964 Abrinc.
1642 2913 1748 2966 Erl.
1787 2915 1826 2967 Ι.
1859 2916 1904 2965 11
1944 2913 2050 2964 und
2083 2913 2181 2963 alle
2215 2910 2409 2962 andern
2445 2909 2536 2960 Hs.
2572 2918 2700 2959 statt

463 2981 597 3048 Ergo
622 2989 680 3031 nt
703 2979 741 3045 †
767 2981 819 3030 in
849 2990 1046 3047 oratore
1077 2982 1159 3047 (so
1184 2983 1312 3033 auch
1339 2981 1584 3047 Ellendt).

601 3067 699 3130 78,
726 3076 804 3119 319
842 3084 906 3118 ex
937 3082 997 3117 ea
1032 3083 1215 3132 causa,
1256 3085 1384 3134 quae
1423 3076 1530 3119 tum
1555 3076 1765 3135 agatur,
1805 3067 2090 3119 effloruisse
2130 3066 2263 3118 nach
2289 3068 2406 3117 dem
2447 3065 2694 3115 Abrinc.:

463 3146 513 3188 et
537 3138 773 3188 floruisse
805 3147 925 3188 statt
952 3137 1248 3190 defluxisse.

599 3208 693 3273 79,
722 3216 800 3259 320
828 3210 881 3257 in
906 3209 1078 3274 parvis
1103 3218 1255 3273 atque
1277 3211 1327 3259 in
1353 3208 1704 3273 frequentibus
1729 3208 1889 3258 Havn.
1920 3211 1953 3259 2
1977 3208 2082 3258 und
2113 3206 2198 3256 die
2222 3205 2447 3255 Mehrzal
2471 3204 2564 3253 der
2589 3203 2693 3270 Lg.

460 3286 580 3329 statt
603 3279 654 3328 in
678 3279 853 3346 parvis
879 3285 1029 3342 atque
1053 3278 1460 3344 infrequentibus
1490 3278 1617 3345 (Erl.
1646 3280 1668 3328 1
1697 3279 1748 3328 in
1777 3280 1951 3344 parvis
1979 3287 2131 3340 atque
2154 3274 2552 3340 frequentibus).

599 3364 700 3428 80,
727 3373 803 3415 329
837 3373 923 3415 aut
963 3366 1017 3415 in
1049 3367 1299 3434 principio
1334 3374 1420 3416 aut
1454 3367 1506 3414 in
1531 3365 1936 3432 argumentando
1963 3372 2049 3414 aut
2083 3363 2136 3412 in
2160 3362 2446 3427 perorando
2472 3360 2694 3411 Lambiu

460 3443 580 3486 statt
614 3443 701 3484 aut
736 3435 788 3484 in
822 3435 1071 3502 principio
1109 3445 1194 3485 aut
1235 3438 1287 3486 in
1324 3444 1625 3502 argumento
1657 3442 1744 3485 aut
1779 3435 1829 3483 in
1866 3433 2134 3500 purgando
2171 3440 2258 3482 aut
2291 3432 2344 3481 in
2376 3430 2693 3497 perorando.

460 3505 711 3570 (Ellendtz
744 3513 831 3555 aut
855 3505 903 3552 in
934 3505 1180 3571 principio
1209 3513 1297 3555 aut
1325 3506 1377 3554 in
1412 3513 1713 3571 argumento
1740 3514 1826 3554 aut
1851 3505 1903 3553 in
1931 3501 2248 3570 perorand03
2277 3501 2485 3551 Kaiser:
2517 3510 2603 3550 aut
2635 3502 2694 3549 in

458 3575 709 3641 principio
738 3581 824 3624 aut
854 3574 907 3623 in
934 3575 1197 3640 arguendo
1219 3583 1307 3625 aut
1329 3574 1599 3641 purgando
1624 3582 1710 3625 aut
1734 3573 2065 3641 perorando).

573 3640 687 3706 ‘84,
714 3651 788 3694 341
831 3643 923 3694 sed
948 3652 998 3693 et
1020 3646 1138 3707 quia
1166 3645 1325 3696 multa
1358 3641 1519 3710 [sunt]
1554 3644 1611 3696 P.
1641 3652 1760 3695 statt
1785 3644 1876 3693 sed
1908 3642 2100 3706 et-quia
2124 3641 2284 3697 multa
2307 3648 2427 3691 sunt
2456 3640 2562 3704 vgl.
2595 3640 2691 3700 ΙΙΙ,
2798 3716 2807 3725 .

457 3713 511 3778 9,
538 3722 590 3763 34
614 3712 765 3778 (oder
797 3714 925 3764 nach
950 3713 1136 3765 Pearce
1164 3716 1256 3765 mit
1278 3713 1508 3774 Ernesti,
1541 3712 1722 3773 Orelli,
1752 3712 1974 3777 Kayser:
2003 3712 2222 3776 essent).

594 3782 690 3845 84,
720 3791 794 3834 341
827 3784 995 3849 magis
1017 3783 1239 3851 degendi
1277 3793 1329 3833 et
1364 3784 1714 3834 delectationis
1748 3783 1954 3833 Abrinc.
1982 3780 2087 3830 Erl.
2118 3782 2136 3829 Ι
2176 3797 2228 3830 ιι.
2264 3780 2314 3832 d.
2344 3780 2562 3829 meisten
2591 3794 2692 3828 an-

458 3854 583 3904 dern
608 3853 699 3904 Hs.
721 3861 857 3972 staffl
866 3854 1030 3919 magis
1052 3854 1258 3920 legendi
1283 3851 1375 3920 [et]
1410 3853 1759 3904 delectationis
1786 3854 1869 3917 (so
1899 3851 2104 3913 Scln’itz,
2135 3848 2467 3910 Henrichsen,
2500 3847 2689 3910 Orelli3

458 3925 528 3973 im
561 3922 664 3975 Erl.
691 3923 737 3971 ΙΙ
771 3922 823 3972 fe
862 3923 897 3972 lt
920 3930 969 3973 et
999 3957 1013 3971 .

594 3993 691 4054 87,
719 4001 797 4042 355
831 3992 954 4055 quid
970 3921 1334 4059 {esponderint
1358 3992 1569 4065 Abrinc.
1602 3992 1703 4043 Erl.
1734 3993 1772 4044 l.
1810 3993 1847 4040 li
1878 3991 1984 4040 und
2019 3990 2189 4056 einige
2215 3989 2409 4039 andern
2435 3989 2527 4038 Hs.
2560 3996 2692 4038 statt

458 4062 538 4110 cui
563 4061 935 4127 responderint.
1898 4104 1901 4107 .

565 4126 692 4193 ⁸87,
727 4138 805 4182 358
841 4131 957 4181 liest
985 4130 1207 4195 Kayser:
1246 4134 1509 4193 omnibu3‚
1547 4145 1676 4195 quae
1713 4132 1807 4182 sub
1838 4139 2096 4196 aspectum
2141 4129 2349 4179 veniunt
2384 4128 2507 4177 sede
2549 4142 2688 4193 opus

459 4205 564 4258 est,
609 4207 729 4250 statt
764 4200 1024 4265 omnibus,
1064 4216 1194 4265 quae
1231 4202 1326 4252 sub
1356 4211 1617 4268 aspectum
1659 4202 1868 4251 veniunt
1904 4200 2464 4252 admonetur‘memort'a
2499 4205 2689 4248 nostra

457 4272 607 4331 aeque
646 4271 934 4327 excitatur,-
979 4270 1071 4320 sed
1116 4272 1242 4324 loeis
1282 4285 1411 4337 opus
1454 4281 1564 4334 est;
1610 4271 1676 4321 da
1717 4270 1855 4321 nicht
1895 4285 1990 4320 nur
2032 4269 2115 4319 die
2153 4268 2330 4319 Worte
2377 4267 2689 4317 admonetur
