2930 4693
517 181 642 248 182
1088 177 1192 240 DE
1218 175 1574 240 ORATORE
1613 176 1667 239 11
1709 176 1814 241 60.
1855 182 2167 237 248-246.

518 338 1550 502 ffffissffffifflmffi
1574 343 2092 530 'ffirssi‘tffiffff
2117 345 2756 497 ‘rffifffiinwmmoe

349 512 434 587 60
447 524 549 577 243
569 516 823 579 vitanda.
868 516 1027 595 Ergo
1058 516 1205 577 haec
1235 515 1353 577 duo
1383 532 1605 614 genera
1633 522 1772 577 sunt
1801 516 1931 576 eius
1959 514 2211 585 ridiculi,
2253 515 2462 597 quod
2445 534 2512 578 ιιι
2537 536 2610 578 re
2638 537 2756 598 po-
2899 510 2900 589 l

514 603 695 663 situm
743 607 862 671 est;
907 618 1061 682 quae
1101 606 1243 662 sunt
1280 601 1522 680 propria
1563 608 1984 680 perpetuarum
2013 599 2380 671 facetiarum,
2421 602 2489 662 in
2531 601 2755 682 quibus
2899 648 2900 659 ,

519 686 938 749 describuntur
979 685 1286 746 hominum
1327 701 1528 746 mores
1555 691 1618 746 et
1642 685 1725 745 ita
1755 684 2136 763 effinguntur,
2177 692 2246 747 ut
2274 693 2376 747 aut
2405 704 2474 747 re
2505 694 2756 748 narrata

516 770 792 851 aliquaq
794 770 958 831 uales
997 770 1118 831 sint
1154 769 1575 848 intellegantur
1615 776 1719 831 aut
1745 769 2072 830 imitatione
2100 768 2270 831 brevi
2293 771 2517 831 iniecta
2542 772 2610 832 in
2642 770 2752 833 aii·

518 873 637 936 quo
664 856 888 933 insigni
914 853 991 915 ad
1018 853 1388 915 irridendum
1423 855 1564 914 vitio
1592 855 1987 933 reperiantur.

389 957 495 1008 244
691 939 761 1001 In
803 939 962 1000 dicto
1003 946 1200 1001 autem
1242 936 1556 1001 ridiculum
1602 946 1693 999 eet
1735 939 1815 1016 id,
1862 938 2021 1018 quod
2062 937 2229 999 verbi
2271 945 2374 1000 aut
2414 941 2753 1001 sententiae

518 1025 777 1105 quodam
826 1023 1097 1084 acumine
1137 1029 1426 1084 movetur.
1534 1021 1652 1084 Sed
1691 1030 1758 1084 ut
1793 1025 1855 1083 in
1896 1022 1999 1083 illo
2040 1024 2347 1102 superiore
2390 1041 2613 1102 genere
2654 1023 2751 1086 vel

517 1109 878 1170 narrationis
906 1106 998 1168 vel
1026 1107 1368 1168 imitationis
1392 1107 1626 1168 vitanda
1649 1114 1738 1168 est
1757 1109 2076 1169 mimorum
2100 1107 2511 1186 ethologorum
2537 1107 2749 1169 simili-

519 1193 682 1262 tudo,
724 1193 811 1253 sic
838 1194 903 1252 in
932 1192 1047 1253 hoc
1085 1190 1355 1253 scurrilis
1393 1193 1621 1252 oratori
1660 1192 1938 1253 dicacitas
1976 1209 2194 1271 magno
2241 1210 2422 1273 opere
2461 1192 2748 1271 fugienda

516 1284 625 1338 est.
714 1276 828 1349 Qui
855 1277 1037 1355 igitur
1066 1276 1495 1355 distinguemus
1524 1295 1558 1337 a
1589 1277 1817 1346 Crasso,
1852 1295 1886 1338 a
1918 1275 2141 1346 Catulo,
2186 1295 2219 1337 a
2250 1278 2465 1338 ceteris
2491 1276 2745 1339 familia-

519 1352 649 1422 rem
663 1368 927 1423 vestrum
952 1361 1236 1423 Granium
1257 1368 1358 1422 aut
1377 1360 1694 1439 Vargulam
1717 1363 1970 1422 amicum
1993 1361 2228 1422 meum?
2250 1361 2382 1422 Non
2397 1361 2745 1424 mehercule

515 1447 579 1507 in
609 1454 873 1508 mentem
905 1446 1051 1507 mihi
1080 1446 1320 1526 quidem
1352 1446 1536 1507 venit·
1579 1452 1717 1507 sunt
1745 1447 1905 1507 enim
1932 1445 2192 1515 dicaces;
2238 1445 2457 1507 Granio
2501 1447 2743 1527 quidem

518 1548 697 1593 nemo
720 1531 998 1592 dicacior.
1055 1531 1201 1601 Hoc,
1234 1531 1465 1610 opinor,
1491 1532 1768 1610 primum,
1792 1548 1889 1602 ne,
1924 1532 2452 1610 quotienscumque
2480 1532 2745 1610 potuerit

514 1615 739 1677 dictum
784 1615 920 1685 dici,
971 1633 1216 1698 necesse
1262 1614 1587 1677 habeamus
1627 1614 1846 1677 dicere.
1932 1614 2185 1677 Pusillus
2223 1616 2391 1676 testis
2431 1617 2741 1695 processit.

383 1702 538 1765 245(
554 1701 748 1772 Licet,
799 1701 1009 1781 inquit,
1062 1700 1350 1778 rogare?’
1413 1698 1740 1779 Philippus,
1827 1699 1981 1760 Tum
2029 1701 2330 1780 quaesitor
2381 1717 2740 1780 properans:

383 1712 748 1847 245‘Modo
757 1784 1038 1846 breviter.
1043 1789 1066 1818 ’
1143 1784 1254 1845 Hic
1282 1783 1411 1845 ille.
1447 1783 1616 1845 ‘Non
1646 1783 1972 1846 accusabis,
2044 1782 2441 1865 Perpusillum
2471 1783 2741 1864 rogaho?

515 1868 808 1932 Ridicule.
899 1868 1017 1930 Sed
1046 1868 1293 1931 sedehat
1318 1868 1501 1931 iudex
1528 1868 1595 1930 L.
1640 1867 1886 1930 Aurifex
1911 1868 2150 1930 brevior
2178 1870 2307 1949 ipse
2336 1887 2515 1947 quam
2544 1870 2739 1930 testis:

519 1955 716 2015 omnis
766 1960 856 2014 est
894 1955 1048 2014 risus
1087 1954 1151 2013 in
1191 1953 1449 2013 iudicem
1492 1971 1841 2024 conversus;
1890 1955 2077 2015 visum
2122 1961 2213 2015 est
2256 1960 2445 2015 totum
2486 1952 2739 2014 scurrile

515 2036 855 2099 ridiculum.
943 2037 1100 2116 Ergo
1132 2038 1299 2108 haec,
1336 2051 1497 2117 ’quae
1528 2038 1742 2100 cadere
1771 2046 2021 2118 possunt
2048 2040 2112 2097 in
2141 2057 2290 2119 quos
2319 2036 2490 2108 noliS,
2536 2056 2743 2118 quam-

384 2135 490 2189 246
516 2124 603 2182 vis
633 2123 753 2183 sint
782 2119 955 2192 bella,
1000 2130 1138 2183 sunt
1181 2129 1382 2183 tamen
1422 2123 1553 2202 ipso
1595 2140 1816 2201 genere
1859 2122 2149 2185 scurrilia.
2237 2122 2313 2184 Ut
2351 2123 2493 2192 iste,
2538 2124 2643 2203 qui
2680 2140 2744 2182 se

517 2207 642 2269 vult
671 2205 932 2269 dicacem
965 2214 1031 2268 et.
1067 2206 1410 2268 mehercule
1452 2213 1562 2279 est,
1602 2209 1843 2287 AppiuS,
1886 2206 1993 2269 sed
2033 2225 2479 2286 nonnumquam
2522 2208 2586 2268 in
2627 2208 2743 2268 hoc

1679 2428 1802 2478 bold
1824 2443 1891 2477 ex
1912 2427 2147 2494 professo
2173 2425 2312 2478 nicht
2325 2427 2405 2478 als
2431 2425 2593 2478 sehon
2614 2427 2743 2478 fest-

1677 2495 1885 2560 gestellt
1907 2493 2268 2561 aussprechen,
2296 2496 2519 2545 sondern
2542 2494 2740 2561 gleich-

1679 2577 1790 2613 sam
1825 2573 1928 2613 erat
1961 2564 2121 2614 selbst
2154 2562 2348 2613 suchen
2390 2564 2495 2613 und
2536 2563 2742 2623 finden3

1679 2639 1785 2682 erst
1801 2627 1834 2696 S
1853 2631 1951 2681 247
1971 2631 2098 2680 wird
2121 2631 2257 2680 dann
2283 2631 2375 2681 das
2399 2632 2528 2681 eben
2553 2630 2743 2696 gefun—

1679 2699 1811 2749 dene
1844 2698 2076 2749 Resultat
2115 2698 2561 2765 ausgesprochem
2602 2699 2744 2748 venit

1678 2767 1748 2817 ist
1763 2765 1921 2818 daher
1941 2766 2077 2826 nicht
2095 2773 2224 2815 etwa
2234 2767 2499 2825 Praesens,
2519 2767 2744 2816 sondern

1676 2834 1986 2885 Perfectum:
2023 2833 2105 2883 ich
2129 2832 2258 2884 habe
2292 2835 2344 2883 in
2370 2834 2461 2884 der
2482 2834 2613 2884 That
2638 2835 2738 2884 bie·

1676 2902 1770 2951 her
1793 2901 1929 2952 nicht
1963 2903 2120 2952 daran
2154 2900 2399 2966 gedacht‚
2438 2903 2536 2951 den
2561 2901 2742 2952 Unter—

1677 2970 1853 3021 schied
1891 2986 1955 3020 zu
1988 2969 2358 3028 untersucheu3
2392 2969 2583 3019 andere
2612 2984 2740 3019 wer-

1680 3039 1807 3088 dens
1825 3037 1958 3088 noch
1975 3038 2076 3087 viel
2095 3040 2316 3102 weniger
2333 3035 2520 3102 gethan
2544 3036 2736 3095 haben;

1680 3106 1814 3155 denn
1835 3104 2022 3155 Caesar
2046 3105 2205 3155 multo
2230 3107 2283 3155 in
2307 3119 2367 3155 eo
2389 3105 2558 3155 studio
2577 3105 2740 3171 magis

1680 3173 1958 3224 elaboravit
1983 3172 2040 3237 (S
2065 3171 2211 3236 231).

510 2427 610 2477 tori
633 2427 843 2476 minime
867 2428 1105 2477 convenit
1140 2429 1390 2478 distortus
1412 2430 1578 2479 vultus

509 2503 808 2560 gestusque,
824 2496 1024 2557 quaein
1041 2495 1197 2545 mimia
1213 2496 1366 2545 rideri
1383 2495 1575 2557 solent3

510 2563 799 2614 obscenitas
822 2577 943 2613 vero
980 2577 1084 2613 non
1118 2577 1151 2612 a
1172 2564 1344 2614 verbis
1379 2570 1577 2614 tantum

511 2633 695 2682 abesse
731 2632 884 2682 debet
913 2631 1008 2681 sed
1052 2631 1204 2681 etiam
1247 2645 1278 2681 a
1313 2631 1577 2697 significa-

510 2700 666 2749 done.

577 2768 829 2831 surripiat
870 2792 934 2802 —
981 2767 1072 2816 der
1103 2766 1309 2816 Redner
1352 2766 1448 2817 soll
1494 2733 1600 2817 di)

509 2833 880 2897 Nachahmung
888 2834 1040 2883 einer
1053 2835 1371 2884 bestimmten
1380 2835 1576 2884 Person

511 2901 706 2950 seinem
732 2900 955 2965 Origine!
988 2901 1316 2951 unvermerkt
1348 2909 1572 2951 entwen·

510 2969 629 3029 den,
648 2969 724 3017 sie
740 2967 848 3017 also
869 2982 966 3017 nur
982 2967 1193 3033 fliichtig
1209 2967 1365 3018 sehen
1384 2969 1575 3032 lassen,

507 3037 562 3086 in
578 3034 1068 3100 voriibergehender,
1080 3035 1224 3084 mehr
1241 3035 1366 3085 leisc
1383 3037 1579 3088 audeu-

508 3103 716 3166 tendet,
741 3103 816 3153 als
840 3103 963 3153 derb
986 3119 1038 3153 ιι.
1064 3103 1243 3168 plump
1267 3102 1573 3155 ausfiihren-

509 3172 602 3222 der
634 3171 973 3235 Darstellung.
1022 3172 1055 3233 5
1088 3170 1205 3222 252.
1255 3170 1577 3237 Nagelsbach

505 3239 620 3292 Lat.
649 3238 760 3289 Stil.
787 3235 1006 3304 sloab.

507 3374 540 3441 S
575 3306 681 3426 630,
702 3314 799 3358 243.
848 3314 1213 3373 perpetuarum
1249 3308 1575 3372 facetiam,

574 3450 669 3494 244.
707 3442 804 3504 Qui
831 3444 989 3509 ἐρίων
1010 3444 1393 3505 distinguemus,
1429 3444 1450 3494 1
1491 3443 1571 3505 12,

507 3520 577 3563 50.
591 3537 657 3548 -
669 3512 788 3563 Non
809 3511 863 3561 in
878 3516 1086 3562 mentem
1103 3513 1255 3562 venit.
1290 3511 1383 3560 Die
1394 3511 1576 3561 Worte

510 3578 737 3628 erhalten
799 3594 894 3628 nur
951 3580 1087 3629 daun
1142 3578 1291 3628 einen
1352 3580 1572 3644 einiger-

506 3660 714 3696 massen
760 3646 1181 3711 bei‘riedigenden
1221 3645 1375 3706 Sinn,
1423 3662 1574 3697 wenn

507 3729 629 3765 man
664 3714 912 3776 bedenh,
948 3714 1070 3764 dass
1097 3714 1203 3765 Cic.
1238 3714 1397 3765 demit
1420 3716 1572 3765 aber-

506 3782 636 3834 mals
684 3782 1034 3833 hervorheben
1079 3782 1182 3831 will
1236 3779 1361 3846 (wie
1407 3779 1574 3847 §233

510 3847 671 3900 durch
696 3848 961 3915 primum),
991 3849 1086 3898 wie
1107 3850 1274 3913 weuig
1297 3864 1416 3898 man
1442 3849 1575 3900 noch

506 3916 833 3968 hinsichtlich
857 3918 950 3967 des
974 3917 1331 3982 vorliegenden
1354 3915 1573 3967 Themas

507 3987 636 4035 iiber
691 3986 775 4036 die
821 3983 1135 4034 einfachsten
1183 3984 1575 4049 Begriffsunter·

509 4051 716 4103 schiede
751 4051 1101 4118 nachgedacht
1134 4051 1288 4102 habe.
1347 4052 1415 4103 So
1450 4053 1577 4103 liisst

511 4117 619 4169 Cic.
673 4118 782 4169 hier
825 4120 924 4170 den
956 4118 1288 4170 Unterschied
1322 4119 1577 4171 zwischen

512 4184 630 4235 dem
652 4187 889 4251 witzigen
913 4186 1115 4237 Redner
1137 4187 1244 4238 und
1267 4187 1382 4238 dem
1406 4187 1574 4238 Witz·

1744 3248 1839 3291 245.
1875 3243 2154 3307 quaesitor,
2180 3241 2270 3291 der
2291 3240 2618 3291 vorsitzende
2640 3239 2740 3290 Un-

1678 3307 2225 3374 tersuchungerichter.

1741 3379 1862 3436 sed,
1910 3373 1943 3442 S
1979 3375 2097 3426 1⁹6.
2154 3377 2401 3435 scurrile,
2449 3376 2541 3425 der
2578 3389 2741 3440 ganze

1675 3443 1815 3494 witz
1836 3446 1955 3494 kam
1972 3444 2048 3495 als
2068 3444 2150 3493 ein
2166 3442 2349 3495 bochet
2364 3445 2566 3508 grober,
2580 3443 2744 3509 plum-

1674 3526 1767 3579 per
1792 3511 1953 3578 Spaas
1977 3511 2189 3576 herens,
2226 3512 2317 3561 der
2339 3511 2455 3561 dem
2481 3510 2740 3575 Anklfiger

1677 3595 1774 3630 nur
1793 3578 2064 3638 schadete,
2090 3580 2187 3629 wie
2220 3578 2386 3644 (wenn
2413 3578 2581 3629 auch
2567 3594 2619 3627 ιιι
2644 3593 2740 3628 an-

1676 3649 1825 3698 derer
1856 3645 2059 3711 Weise)
2090 3647 2231 3697 Brut.
2267 3645 2364 3709 70,
2396 3655 2473 3697 246
2520 3647 2589 3696 Μ.
2613 3646 2739 3695 Ροιι-

1674 3717 1917 3766 tidius—
1942 3715 2279 3766 effervescens
2313 3716 2368 3764 in
2394 3714 2610 3764 dicendo
2633 3721 2736 3763 eto·

1675 3783 1855 3835 mecho
1880 3796 2036 3850 saepe
2064 3783 2431 3846 iracundiaque
2464 3780 2736 3832 vehemen-

1675 3852 1804 3914 tius,
1853 3860 1911 3902 ut
1944 3865 2047 3901 non
2080 3866 2196 3900 cum
2233 3849 2524 3900 adversario
2557 3848 2740 3910 solum,

1678 3919 1770 3969 sed
1805 3920 1954 3968 etiam
1989 3919 2128 3982 quod
2161 3917 2390 3969 mirabile
2423 3924 2586 3982 esset,
2628 3930 2738 3966 cum

1678 3986 1883 4037 iudice'
1870 4001 2002 4065 ipso,
2027 3988 2174 4036 cuius
2200 3986 2438 4037 delinitor
2459 4001 2575 4037 esse
2593 3983 2741 4034 dehet

1678 4061 1863 4112 orator,
1888 4055 2052 4118 iurgio
2077 4068 2233 4119 saepe
2255 4053 2597 4105 contenderet.
2629 4054 2740 4117 ipso

1674 4136 1882 4186 genere,
1909 4116 1941 4186 S
1966 4122 2085 4184 242,
2119 4120 2256 4171 ihrer
2276 4135 2480 4187 ganam
2502 4118 2735 4171 Beschai'-

1680 4188 1874 4240 fenhei't
1898 4188 2048 4253 nach,
2069 4187 2431 4240 wesentlich·
