2930 4693
746 173 847 238 DE
876 170 1235 238 ORATORE
1274 173 1329 236 11
1371 171 1475 236 89.
1514 179 1825 235 aco-363.

2272 173 2404 240 219

181 347 398 410 Rerum
426 346 713 408 memoria
742 345 984 426 propria
1014 350 1105 407 est
1132 343 1418 413 oratoris;
1471 361 1603 405 eam
1643 340 1892 422 singulis
1929 342 2202 424 personis
2243 340 2401 404 bene

181 433 384 514 positis
422 438 629 492 notare
670 447 1013 511 possumus,
1058 435 1123 490 ut
1165 430 1490 490 sententias
1516 427 1905 506 imaginibuS,
1950 427 2223 489 ordinem
2250 426 2400 489 locis

184 515 766 597 comprehendamus.
855 513 1062 595 Neque
1090 531 1298 575 verum
1328 519 1446 584 est,
1499 512 1661 593 quod
1705 511 1780 573 ab
1822 511 2116 574 inertibus
2160 511 2397 583 dicitur,
2426 524 2534 581 360

181 602 431 682 opprimi
459 601 808 662 memoriam
835 600 1161 678 imaginum
1189 597 1456 679 pondere
1487 605 1549 659 et
1575 596 1884 659 obscurari
1912 599 2090 660 etiam
2119 595 2209 667 id,
2239 595 2401 677 quod

179 704 285 766 per
313 704 376 747 se
403 695 614 748 natura
644 691 849 746 tenere
878 684 1182 765 potuisset.
1254 681 1388 743 Vidi
1416 683 1576 743 enim
1606 699 1717 760 ego
1747 700 2011 744 summos
2039 681 2312 743 homines
2341 687 2404 743 et

181 771 368 832 divina
395 788 586 850 prope
616 769 933 838 memoria,
964 768 1213 829 Athenis
1243 766 1635 830 Charmadam
1651 813 1668 836 ,
1700 768 1763 827 in
1792 768 1928 828 Asia
1944 814 1961 839 ,
1992 784 2173 848 quem
2200 767 2403 828 vivere

177 855 348 926 hodie
377 856 571 925 aiunt,
605 854 912 932 Scepsium
939 852 1377 923 Metrodorum,
1408 870 1663 933 quorum
1691 859 1942 932 uterque
1972 859 2271 931 tamquam
2303 849 2401 911 lit·

178 941 317 1001 teris
354 941 419 1001 in
463 957 630 1008 cera,
683 940 770 999 sic
798 956 863 1000 se
893 936 1088 999 aiebat
1113 936 1472 1016 imaginibus
1500 937 1564 997 in
1594 937 1680 997 eis
1707 935 1883 1007 lociS,
1940 954 2089 1017 quos
2130 934 2399 1006 haberet,

178 1043 323 1105 quae
352 1025 694 1086 meminisse
721 1021 928 1093 vellet,
975 1021 1371 1101 perscribere.
1460 1021 1657 1093 Quare
1687 1021 1799 1082 hac
1830 1021 2249 1083 exercitatione
2278 1037 2402 1082 non

179 1109 436 1171 eruenda
463 1109 754 1170 memoria
783 1113 902 1179 est,
953 1107 1005 1168 si
1044 1114 1136 1168 est
1183 1106 1346 1168 nulla
1386 1103 1701 1177 naturalis;
1755 1105 1861 1168 sed
1902 1114 2095 1176 certe,
2147 1105 2198 1166 si
2238 1103 2400 1175 latet,

179 1193 475 1255 evocanda
505 1200 613 1254 est.

338 1277 583 1339 Habetis
608 1294 947 1338 sermonem
975 1274 1131 1337 bene
1159 1275 1404 1356 longum
1431 1274 1722 1346 hominis,
1773 1275 2000 1336 utinam
2043 1292 2165 1335 non
2205 1276 2403 1355 impu·
2432 1286 2531 1341 361

176 1362 392 1424 dentis!
422 1361 569 1424 illud
598 1360 837 1442 quidem
869 1368 1062 1432 certe,
1094 1378 1215 1422 non
1245 1362 1421 1422 nimis
1450 1358 1802 1437 verecundh
1834 1360 1937 1441 qui
1965 1359 2233 1440 quidem,
2266 1377 2403 1421 cum

175 1457 262 1518 te,
295 1446 531 1517 Catule,
582 1454 710 1508 tum
741 1448 917 1508 etiam
939 1445 1006 1506 L.
1040 1446 1254 1508 Crasso
1284 1444 1589 1516 audiente,
1644 1445 1719 1505 de
1752 1444 1993 1505 dicendi
2020 1444 2253 1506 ratione
2279 1452 2403 1505 tam

173 1530 355 1593 multa
386 1531 670 1601 dixerim;
724 1549 863 1592 nam
902 1532 1154 1593 istorum
1197 1538 1361 1591 aetas
1388 1532 1587 1591 minus
1615 1547 1713 1590 me
1743 1528 1996 1590 fortasse
2025 1545 2267 1590 movere
2297 1528 2401 1589 de-

171 1615 315 1678 buit.
405 1616 523 1677 Sed
552 1615 700 1676 mihi
726 1616 1048 1694 ignoscetis
1086 1615 1389 1695 profecto,
1444 1617 1496 1677 si
1536 1614 1744 1684 modo,
1797 1630 1948 1694 quae
1991 1630 2169 1674 causa
2196 1631 2295 1675 me
2326 1612 2403 1674 ad

78 1712 85 1718 ’
172 1701 325 1762 hanc
353 1699 653 1762 insolitam
682 1701 832 1761 mihi
859 1699 1278 1779 loquacitatem
1307 1698 1644 1779 impulerit,
1679 1697 2048 1778 acceperitis.

338 1786 461 1847 Nos
491 1803 649 1853 vero,
679 1786 875 1865 inquit
905 1781 1233 1846 GATULUS
1278 1783 1517 1862 (etenim
1547 1802 1658 1862 pro
1687 1800 1785 1844 me
1830 1782 1946 1844 hoc
1985 1789 2046 1842 et
2075 1799 2186 1863 pro
2215 1798 2351 1843 meo
2371 1776 2457 1852 89
2470 1788 2574 1845 362

173 1869 359 1931 fratre
406 1869 758 1948 respondeo)
819 1887 940 1930 non
991 1868 1170 1931 modo
1220 1868 1332 1929 tibi
1379 1869 1771 1947 ignoscimus,
1834 1867 1941 1928 sed
1991 1873 2053 1928 te
2104 1866 2405 1945 diligimus

172 1971 570 2033 magnamque
599 1952 708 2014 tibi
736 1952 1025 2014 hahemus
1061 1954 1343 2031 gratiam;
1397 1961 1459 2014 et
1500 1971 1635 2014 cum
1665 1953 2092 2014 humanitatem
2124 1958 2184 2013 et
2212 1951 2402 2014 facili-

169 2045 354 2099 tatem
386 2040 759 2116 agnoscimus
790 2045 968 2109 tuam,
1000 2046 1124 2099 tum
1150 2036 1515 2099 admiramur
1536 2039 1711 2099 istam
1735 2037 2043 2098 scientiam
2067 2043 2127 2097 et
2149 2038 2401 2116 copiam.

168 2120 462 2203 Equidem
492 2124 669 2183 etiam
699 2122 814 2183 hoc
843 2141 940 2183 me
970 2122 1313 2184 adsecutum
1341 2130 1516 2203 puto,
1558 2122 1717 2203 quod
1756 2139 1973 2200 magno
2016 2139 2149 2182 sum
2177 2119 2404 2183 levatus

171 2224 380 2268 errore
411 2216 470 2268 et
496 2206 599 2268 illa
626 2207 1019 2268 admiratione
1048 2206 1363 2278 liberatus,
1408 2207 1568 2288 quod
1607 2205 1809 2268 multis
1838 2224 1972 2267 cum
2005 2203 2135 2266 aliis
2164 2222 2404 2285 semper

175 2291 459 2355 admirari
487 2291 769 2364 solebam,
800 2292 957 2355 unde
988 2301 1145 2355 esset
1171 2291 1273 2354 ilia
1300 2299 1464 2355 tanta
1492 2300 1591 2355 tua
1622 2293 1685 2353 in
1717 2291 1911 2353 causis
1940 2289 2232 2352 divinitas,
2277 2290 2405 2352 Nec

171 2379 331 2438 enim
360 2387 421 2439 te
449 2380 563 2439 ista
590 2379 853 2457 attigisse
893 2378 1257 2449 arbitrabar,
1317 2395 1469 2459 quae
1513 2375 1963 2455 diligentissime
2004 2393 2301 2454 cognosse
2344 2382 2406 2436 et

168 2460 429 2543 undique
459 2462 766 2541 collegisse
795 2481 1024 2543 usuque
1054 2462 1294 2524 doctum
1324 2464 1542 2542 partim
1573 2462 1906 2521 correxisse
1936 2460 2138 2530 video,
2181 2461 2404 2540 partim

168 2547 607 2628 comprobasse.
681 2546 885 2628 Neque
927 2566 997 2608 eo
1038 2549 1237 2608 minus
1277 2546 1675 2627 eloquentiam
1716 2553 1879 2606 tuam
1910 2552 1970 2605 et
1997 2543 2184 2606 multo
2214 2546 2403 2623 magis
2431 2556 2536 2611 363

234 2783 345 2819 eam
370 2793 435 2802 —
456 2772 661 2827 notare,
700 2766 794 2814 wie
818 2765 885 2814 ad
909 2763 1023 2815 Her.
1051 2766 1122 2816 111
1145 2763 1229 2827 20,

164 2843 216 2886 33
242 2836 394 2885 unius
419 2833 666 2896 cuiusque
690 2834 911 2883 nominis
931 2844 979 2881 et
996 2834 1235 2885 vocabuli

162 2904 406 2955 memoria
437 2902 660 2966 imagine
693 2907 924 2960 notatur,
971 2901 1230 2953 aufmerk·

168 2985 279 3022 snm
304 2968 538 3020 macheu.

231 3055 444 3121 είπριιιίε
460 3059 699 3118 per-aonia
722 3061 839 3112 etc„
860 3052 1020 3103 durch
1039 3055 1236 3105 weck-

165 3123 398 3188 mfissige
421 3120 657 3188 Stelluug
690 3122 781 3172 der
811 3121 1229 3174 mnemonischen

163 3188 362 3251 nuder,
407 3188 572 3238 hinter
608 3192 801 3250 denen,
834 3190 932 3239 wie
963 3200 1114 3240 unter
1145 3190 1237 3239 der

163 3258 342 3308 Maske
367 3257 458 3307 der
482 3255 857 3323 Schauspieler,
881 3258 974 3306 der
990 3256 1236 3307 Gedanke

161 3326 451 3389 verborgen
474 3325 557 3373 ist.

231 3416 327 3460 360.
375 3422 501 3474 quos
532 3407 768 3465 haberet,
815 3399 958 3457 s'eine
991 3422 1090 3457 von
1129 3406 1233 3456 ihm

163 3476 416 3542 gewfilten
441 3474 603 3526 festen
629 3473 1128 3541 Gedficbtnisplatze.

233 3561 320 3627 Ep
335 3559 379 3609 il
394 3574 470 3625 og
492 3573 535 3610 c.
561 3556 646 3618 88,
670 3555 899 3621 aei—90,
923 3567 1016 3609 367.

232 3636 329 3681 361.
376 3630 565 3678 utinam
612 3641 685 3676 sc.
723 3636 859 3676 recte
900 3627 1001 3676 dici
1041 3638 1234 3693 posset,

166 3694 308 3746 ‘dass
357 3695 440 3744 ich
458 3765 470 3776 ι
497 3707 657 3760 sagea
681 3764 695 3777 ⁶
714 3691 943 3745 konnte.'
1026 3695 1234 3776 Schultz·

166 3758 322 3892 {0323
338 3764 927 3896 ssk;‡²1“i‚²033‘30⁶1'2.5.⁶”
928 3770 978 3814 ‘⁶
1025 3778 1100 3817 ⁸⁰·
1134 3764 1235 3814 ‘¹¹⁶¹

232 3916 446 3967 istorum
468 3923 640 3975 aetas,
665 3915 796 3965 Einl.
823 3917 845 3965 1
869 3917 903 3978 S
930 3914 1010 3966 12.
1037 3913 1120 3967 13.
1153 3913 1233 3976 16,

164 3979 278 4032 hier
298 3983 521 4049 Jngeud,
550 3983 646 4033 w-ie
668 3978 702 4049 S
724 3981 793 4032 88
815 3983 923 4033 und
947 3985 967 4034 1
991 3981 1076 4037 60.
1102 3981 1233 4035 256:

164 4049 198 4111 S
222 4049 290 4098 74
318 4050 548 4116 dngegen
578 4052 1014 4117 ‘voi-gveriickteres
1049 4049 1230 4102 Alter!

234 4115 321 4178 89,
346 4127 438 4173 362.
473 4119 597 4183 hoc,
620 4119 725 4183 vgl.
751 4115 784 4184 S
807 4118 894 4169 27.

235 4190 287 4235 te
312 4187 585 4252 diliyimm,
621 4187 714 4237 wir
746 4186 863 4237 sind
885 4186 1007 4239 sehr
1028 4201 1131 4238 von
1156 4188 1236 4239 dir

1333 2763 1609 2828 hefriedigt
1641 2763 1748 2814 und
1790 2764 2055 2829 bezeugen
2090 2762 2169 2813 dir
2200 2761 2405 2814 hiermit

1333 2848 1518 2883 unsere
1542 2832 1725 2882 vollste
1748 2832 2130 2897 Anerkennung
2152 2847 2204 2880 u.
2229 2829 2402 2881 'rhen-

1337 2899 1546 2958 nahme3
1593 2925 1662 2935 —-
1707 2914 1801 2949 aus
1838 2899 2047 2950 Catulus
2082 2899 2272 2950 Munde
2319 2900 2404 2949 ein

1334 2967 1476 3018 nicht
1509 2984 1573 3019 zu
1605 2966 1973 3019 verachtendes
2004 2966 2131 3018 Loh.
2192 2967 2407 3033 diligere

1333 3037 1430 3086 wie
1462 3051 1637 3087 amare
1669 3036 1739 3086 ist
1770 3035 2047 3087 Ausdruck
2078 3035 2172 3086 des
2198 3035 2406 3086 Dankes

1334 3104 1401 3154 ad
1426 3103 1487 3165 Q.
1513 3102 1754 3162 rr.1119,
1787 3111 1814 3152 4
1861 3103 1926 3152 de
1960 3103 2229 3169 mancipiis
2265 3103 2405 3167 quod

1337 3171 1461 3221 mihi
1489 3172 1740 3236 polliceris
1763 3171 1915 3221 valde
1937 3177 1988 3219 te
2011 3184 2144 3223 amo.
2170 3171 2237 3219 ad
2260 3172 2403 3222 Fam.

1337 3239 1619 3298 V1124,1;
1654 3239 1728 3289 IX
1752 3237 1835 3301 16,
1863 3248 1914 3296 13
1939 3238 2005 3287 ad
2031 3240 2135 3287 Att.
2163 3237 2270 3296 13,
2305 3245 2406 3288 zte

1336 3308 1556 3357 multum
1589 3321 1846 3367 amamus,
1881 3306 2019 3367 quod
2052 3320 2113 3354 ea
2135 3306 2229 3356 abs
2254 3312 2305 3354 te
2330 3305 2409 3354 di-

1336 3375 1551 3440 ligenter
1572 3387 1832 3440 parvoque
1855 3380 2029 3422 curata
2055 3381 2193 3424 sunt.
2229 3373 2276 3422 11
2314 3369 2405 3434 1ος

1336 3443 1384 3492 V
1401 3442 1488 3503 21,
1515 3453 1556 3491 5.
1578 3486 1590 3497 ,

1403 3509 1743 3561 admiratione
1784 3534 1853 3543 —-
1886 3507 2140 3557 admirari
2169 3504 2410 3562 colebam,

1337 3577 1468 3627 nach
1491 3578 1580 3627 der
1597 3578 1884 3629 bekannten
1903 3573 2093 3640 griech.
2106 3574 2406 3624 Redeweise

1336 3646 1382 3706 (1
1415 3644 1499 3703 55,
1535 3643 1664 3705 235),
1713 3644 1807 3693 wie
1841 3642 1917 3692 sie
1946 3642 2062 3692 dem
2086 3642 2290 3692 Freund
2316 3641 2411 3691 der

1337 3713 1532 3779 grieeh.
1565 3712 1763 3762 Diction
1811 3707 2076 3773 (Catulus)
2123 3708 2266 3759 recht
2307 3708 2409 3759 wol

1336 3780 1557 3830 ansteht.
1606 3780 1876 3838 liberam,
1902 3779 2007 3843 vgl.
2029 3780 2063 3841 S
2084 3776 2155 3829 59
2181 3777 2285 3828 iam
2308 3776 2407 3826 mi-

1336 3849 1436 3898 rari
1455 3849 1655 3898 desino.
1683 3848 1937 3909 diuinitas,
1963 3846 1997 3910 S
2018 3843 2133 3896 179.
2159 3847 2410 3910 attiyt’ase,

1335 3912 1369 3983 ς
1397 3915 1444 3965 1.
1473 3915 1601 3974 117,
1626 3912 1815 3977 79318,
1839 3922 1908 3964 8².

1404 3985 1783 4047 diliyemissime
1805 3995 2076 4048 cognosse,
2100 3981 2274 4031 vomit
2297 3978 2408 4030 Cic.

1340 4050 1576 4116 zuglcich
1600 4051 1714 4101 sein
1736 4049 2031 4100 Verhflitnis
2070 4064 2136 4099 zu
2168 4048 2266 4098 den
2299 4061 2406 4097 von

1333 4119 1442 4169 ihm
1467 4120 1740 4170 benutzten
1761 4117 1993 4179 Quellem
2017 4116 2296 4169 besondm
2313 4130 2412 4166 zur

1334 4186 1587 4239 Rhetorik
1609 4187 1702 4239 des
1726 4185 2029 4239 Aristoteles
2052 4184 2247 4251 angiht.

1869 4265 2003 4339 18*
