2930 4693
275 1438 365 1512 39
384 1451 482 1506 157

448 180 578 247 280

1009 172 1109 238 nn
1153 144 1513 239 oaA'ran
1553 174 1634 236 111
1674 173 1776 238 39.
1825 180 2130 235 iss-15⁷.

317 353 423 409 155
452 349 671 409 scere.'
730 344 967 406 Tertius
994 342 1095 405 ille
1125 344 1340 405 modus
1367 342 1770 406 transferendi
1802 342 1971 407 verbi
2009 342 2127 407 late
2156 351 2337 425 patet,
2380 363 2562 426 quem
2591 365 2698 408 ne·

451 432 696 493 cessitas
737 430 943 509 genuit
980 429 1184 510 inopia
1227 435 1430 490 coacta
1473 436 1535 490 et
1574 430 1891 508 angustiiS,
1936 436 2073 509 post
2112 437 2312 491 autem
2351 431 2695 495 iucunditas

451 513 886 594 delectatioque
929 511 1267 575 celebravit.
1336 513 1487 575 Nam
1529 520 1596 574 ut
1636 515 1814 575 vestis
1851 513 2096 592 frigoris
2136 512 2476 595 depellendi
2517 533 2698 578 causa

452 606 692 681 reperta
718 599 932 680 primo,
963 605 1100 677 post
1127 596 1400 659 adbiberi
1430 605 1643 678 coepta
1677 605 1768 659 est
1796 598 1874 659 ad
1902 605 2177 660 ornatum
2210 600 2391 661 etiam
2421 603 2712 687 corporis=

452 691 512 747 et
541 683 909 763 dignitatem,
942 684 1027 743 sic
1057 682 1224 744 verbi
1251 682 1560 743 translatio
1600 684 1872 744 instituta
1911 689 2004 745 est
2042 684 2281 764 inopiae
2322 702 2520 755 causa,
2570 684 2697 746 fre·

413 788 426 800 ·
451 776 732 848 quentata
761 767 1186 829 delectationis,
1245 767 1396 829 Nam
1423 767 1752 845 ‘gemmare
1779 769 1946 837 vites,
1973 765 2269 829 luxuriem
2300 787 2431 830 esse
2459 770 2526 830 in
2553 770 2696 830 her-

452 853 562 922 bis,
595 852 779 914 laetas
810 854 1065 931 segetes’
1099 853 1276 913 etiam
1306 853 1516 913 rustici
1546 850 1770 913 dicunt.
1842 851 2013 924 Quod
2056 854 2215 914 enim
2257 852 2555 915 declarari
2598 856 2698 915 vix

449 936 633 998 verbo
662 938 908 1017 proprio
938 943 1151 1016 potest,
1182 935 1243 996 id
1274 934 1560 998 translato
1590 955 1728 998 cum
1756 944 1848 999 est
1868 935 2109 1007 dictum,
2140 936 2401 999 illustrat
2428 937 2509 1009 id,
2532 937 2697 1018 quod

450 1020 717 1101 intellegi
744 1019 1032 1091 volumuS,
1064 1021 1191 1082 eius
1219 1023 1327 1092 rei,
1360 1040 1537 1101 quam
1568 1020 1762 1082 alieno
1782 1022 1964 1082 verbo
1987 1023 2312 1101 posuimuS,
2345 1022 2694 1084 similitudo.

325 1113 426 1166 156
451 1106 611 1185 Ergo
639 1107 752 1167 hae
780 1104 1199 1167 translationes
1228 1108 1396 1186 quasi
1424 1107 1823 1168 mutuationes
1861 1113 2016 1177 sunt,
2050 1125 2184 1168 cum
2217 1107 2377 1186 quod
2419 1125 2544 1168 non
2583 1107 2693 1169 ha·

450 1190 596 1251 beas
624 1189 861 1251 aliunde
891 1207 1107 1251 sumas,
1165 1188 1307 1251 Illae
1336 1188 1538 1270 paullo
1568 1191 1933 1261 audacioreS,
1965 1209 2119 1271 quae
2149 1209 2273 1253 non
2300 1191 2567 1271 inopiam
2596 1194 2693 1252 in-

451 1276 667 1346 dicant,
698 1275 804 1335 sed
833 1275 1087 1335 orationi
1115 1274 1451 1354 splendoris
1481 1274 1702 1355 aliquid
1732 1282 2069 1345 arcessunt;
2116 1293 2370 1356 quarum
2402 1291 2515 1354 ego
2545 1276 2694 1357 quid

451 1358 618 1420 vobis
647 1367 748 1420 aut
774 1358 1119 1420 inveniendi
1146 1360 1438 1421 rationem
1472 1367 1572 1421 aut
1600 1376 1820 1439 genera
1851 1360 2107 1440 ponam?

449 1590 587 1664 Aen.
607 1612 679 1663 v1
703 1611 804 1663 764
826 1611 1033 1663 aarum
1065 1610 1286 1674 (vahlen
1311 1627 1364 1677 p.
1395 1609 1510 1672 19):

403 1739 413 1751 ·
448 1680 697 1732 Romulus
720 1682 772 1729 in
797 1681 936 1731 caelo
961 1694 1076 1730 cum
1101 1680 1181 1730 dis
1203 1680 1514 1744 genitalibus

447 1763 633 1800 aevum

450 1817 612 1867 meint
649 1816 768 1866 sind
802 1816 886 1864 die
920 1814 1075 1866 zwiilf
1104 1815 1157 1865 di
1191 1816 1411 1866 maiores
1433 1814 1513 1864 als

445 1881 673 1933 Urheber
693 1882 820 1932 aller
840 1883 1028 1947 Dinge:

479 1966 607 2016 Iuno
626 1966 787 2016 Vesta
811 1965 964 2016 Ceres
981 1966 1145 2015 Diana
1161 1967 1392 2017 Minerva
1410 1969 1514 2019 Ve-

1057 2049 1155 2084 nus
1180 2035 1312 2084 Mars

479 2100 760 2152 Mercurius
793 2101 932 2151 Iovis
955 2101 1510 2235 Nepktgffilsovolcanus

511 2253 615 2304 Das
642 2254 794 2303 dritte
817 2253 1068 2319 Beispiel=

521 2337 763 2389 bacarum
782 2337 1019 2389 ubertate
1052 2337 1407 2391 incurvescere
1441 2341 1510 2390 ist

444 2405 575 2456 nach
598 2406 827 2456 Ribbeck
849 2420 902 2471 p.
927 2403 1030 2456 270
1061 2420 1156 2456 aus
1182 2407 1377 2459 Ennius
1400 2409 1506 2459 Eu-

442 2474 708 2536 meniden,
780 2473 911 2523 nach
980 2473 1220 2539 Aeschyl.
1292 2476 1506 2526 Eumeu.

441 2540 544 2593 903
578 2542 633 2592 ff.
703 2542 1031 2607 Vollstandig
1064 2541 1201 2592 steht
1234 2544 1314 2592 die
1350 2543 1508 2595 Stelle

442 2610 594 2662 Tusc.
621 2613 642 2660 1
665 2607 750 2673 28,
774 2618 826 2661 69
848 2607 1104 2676 (Ribbeck
1125 2626 1178 2677 p.
1203 2610 1359 2673 217)=

486 2694 684 2744 caelum
744 2695 1019 2757 nitescere,
1089 2696 1296 2745 arbores
1322 2742 1327 2747 .
1362 2695 1506 2747 fron-

1052 2762 1280 2826 descere,

473 2828 606 2879 vites
630 2829 877 2878 laetificae
899 2830 1156 2895 pampinis
1180 2832 1483 2896 pubescere,

472 2892 602 2946 rami
621 2897 862 2946 bacarum
880 2897 1111 2946 ubertate
1127 2897 1503 2962 incurvescere,

475 2966 677 3029 segetes
699 2964 874 3027 largiri
894 2962 1087 3027 fruges,
1112 2963 1292 3014 florere
1316 2968 1504 3029 omnia,

473 3032 643 3081 fontes
680 3042 901 3090 scatere,
942 3030 1115 3109 herbis
1149 3035 1293 3095 prata
1315 3048 1504 3085 conve-

1051 3099 1238 3150 stirier.
1290 3113 1315 3124 ·‘

509 3177 603 3217 155.
637 3168 814 3218 modus
847 3166 1203 3229 transferendi
1232 3193 1298 3204 -
1331 3176 1498 3220 trans-

438 3236 580 3294 latio,
599 3250 731 3299 quae
747 3227 1050 3301 μεταφορᾶ
1061 3232 1252 3285 Graece
1269 3245 1499 3301 vocatur,

438 3298 588 3368 λέξις
665 3296 1059 3385 εταφερομὲγη
1102 3293 1218 3355 ἀπὸ
1255 3302 1358 3384 τοῦ,
1398 3321 1500 3357 κυ-

437 3370 567 3439 ρίου
629 3367 697 3421 πὶ
729 3387 793 3423 το
828 3387 868 3438 μ
887 3365 902 3384 “
933 3386 1162 3436 κυριον,
1199 3366 1502 3438 ἐμφασεως

436 3457 474 3506 η
520 3430 844 3506 ὁμοιώσεως

434 3522 618 3557 nomen
645 3516 734 3557 aut
752 3508 964 3559 verbum
990 3523 1055 3557 ex
1079 3522 1140 3558 eo
1164 3508 1296 3571 loco,
1324 3509 1375 3558 in
1395 3524 1498 3573 quo

431 3574 698 3641 proprium
721 3583 815 3634 est,
841 3577 895 3624 in
920 3590 1056 3638 eum,
1081 3576 1132 3625 in
1153 3590 1254 3638 quo
1272 3586 1360 3626 aut
1381 3592 1501 3642 pro-

429 3642 600 3706 pnium
637 3642 781 3694 deest
812 3652 901 3693 aut
942 3642 1244 3694 translatum
1291 3646 1498 3711 proprio

429 3709 614 3762 melius
650 3720 744 3761 est.
792 3710 853 3761 ld
884 3709 1103 3761 facimus
1135 3721 1223 3761 aut
1249 3714 1368 3773 quia
1404 3728 1496 3763 ne-

430 3781 576 3828 cesse
601 3787 706 3841 est,
740 3787 828 3827 aut
851 3779 971 3841 quia
994 3779 1370 3843 significantius
1396 3788 1495 3841 est,

427 3853 518 3896 aut
541 3846 661 3908 quia
684 3843 988 3899 decentius.’
1035 3846 1208 3907 Quint.
1233 3848 1353 3898 VIII
1376 3846 1426 3911 6,
1452 3861 1497 3900 6.

497 3914 790 3975 celebravit,
816 3910 848 3980 S
875 3911 975 3964 110
996 3915 1296 3967 celebratur.
1334 3918 1501 3984 diani-

430 3988 598 4041 tatem,
617 3983 997 4046 anstiindigem,
1016 3981 1260 4034 echonem
1270 3987 1497 4036 Aeusse-

428 4064 539 4099 ren.

497 4117 878 4175 delectationis,
911 4115 995 4167 Or.
1020 4115 1117 4181 39,
1144 4127 1220 4169 134
1265 4120 1496 4170 tralatio-

431 4196 522 4233 nes
543 4188 754 4247 propter
767 4183 1157 4236 similitudinem
1178 4186 1497 4239 transierunt

653 1749 802 1813 Degit
825 1745 1127 1813 (vgl.'l'usc.
1148 1749 1169 1797 Ι
1195 1746 1275 1809 12,
1300 1749 1392 1809 28).
1419 1744 1515 1796 Ge·

918 3454 1081 3490 νεκα.
1161 3440 1502 3491 ‘Transfertur
1534 3445 1540 3450 ’

655 1443 1071 1507 Similitudinis
1101 1453 1192 1506 est
1230 1445 1306 1505 ad
1335 1443 1583 1506 verbum
1626 1463 1811 1506 unum
1851 1451 2154 1506 contracta
2191 1444 2482 1515 brevitas,
2527 1445 2694 1526 quod

1615 1613 1814 1662 animos
1851 1622 1902 1662 et
1932 1611 2161 1662 referunt
2192 1627 2253 1661 ac
2275 1621 2487 1665 movent
2510 1613 2614 1665 hu'c
2638 1622 2694 1665 ct

1615 1680 1762 1738 illuc;
1797 1680 1887 1742 qui
1911 1691 2079 1730 motus
2104 1681 2428 1744 cogitationis
2452 1682 2692 1733 celeriter

1615 1748 1841 1814 agitatus
1865 1762 1956 1813 per
1980 1762 2037 1797 se
2059 1748 2173 1814 ipse
2198 1748 2432 1798 delectat.

1873 1831 1957 1872 re,
2007 1830 2104 1865 von
2139 1830 2373 1879 gemma,
2408 1817 2530 1866 dem
2564 1833 2608 1869 s.
2631 1834 2690 1884 g.
2743 1876 2750 1880 ⁴

1618 1883 1785 1948 Auge,
1812 1883 1918 1934 Cat.
1946 1883 2063 1932 mai.
2091 1881 2172 1944 15,
2196 1892 2248 1934 53
2259 1885 2453 1963 ⁸itaque
2474 1886 2687 1936 ineunte

1616 1965 1738 2000 vere
1776 1977 1841 1986 —-
1876 1950 2049 1999 existit
2080 1958 2325 2012 tanquam
2349 1953 2416 2001 ad
2439 1953 2685 2004 articulos

1614 2027 1987 2069 sarmentorum
2012 2032 2074 2067 ea
2098 2033 2230 2080 quae
2250 2034 2460 2083 gemma
2479 2021 2688 2085 dicitur,

1613 2102 1645 2136 a
1669 2101 1769 2150 qua
1794 2086 1965 2136 oriens
1989 2099 2092 2134 uva
2116 2101 2173 2135 se
2197 2087 2440 2137 ostendit.

1679 2155 1875 2212 rustici,
1902 2152 1985 2203 Or.
2011 2152 2095 2216 24,
2119 2162 2169 2203 81
2194 2154 2463 2204 tralatione
2487 2183 2555 2194 -
2577 2156 2687 2206 fre-
2729 2210 2750 2217 ι

1614 2222 1951 2285 quentissime
1984 2235 2154 2271 sermo
2188 2222 2355 2271 omnis
2391 2224 2555 2274 utitur
2577 2239 2683 2274 non

1602 2290 1765 2340 'modo
1798 2290 2110 2339 urbanorum
2143 2290 2235 2339 sed
2281 2290 2432 2340 etiam
2465 2293 2688 2342 rustico-

1612 2373 1753 2418 rum,
1786 2358 2043 2421 siquidem
2068 2365 2146 2407 est
2170 2372 2375 2408 eorum=
2412 2374 2686 2424 gemmare

1610 2426 1761 2488 vites,
1787 2425 1930 2475 sitire
1946 2439 2119 2490 agros,
2138 2424 2301 2478 laetas
2323 2441 2440 2477 esse
2457 2440 2680 2493 segetes,

1611 2493 1876 2556 luxuriosa
1908 2492 2190 2556 frumenta,
2228 2493 2391 2557 1123,
2426 2503 2498 2546 96.
2557 2497 2679 2546 Tae.

1575 2605 1576 2610 ,
1612 2560 1733 2611 dial.
1781 2561 1846 2609 de
1882 2574 1957 2610 or.
2000 2574 2046 2610 c.
2081 2558 2150 2610 40
2219 2561 2352 2611 sieut
2397 2563 2680 2614 indomitus

1610 2642 1734 2693 ager
1756 2628 1907 2679 habet
1929 2628 2177 2692 quasdam
2210 2628 2394 2680 herbas
2418 2630 2680 2686 laetiores.

1678 2698 1737 2747 id
1759 2697 1898 2762 quod
1916 2697 2147 2761 intelleqi
2163 2700 2404 2757 semmua,
2430 2699 2543 2758 das,
2571 2714 2679 2750 was

1608 2764 1702 2813 wir
1726 2762 1999 2829 eigentlich
2023 2765 2243 2814 meinen.

1679 2840 1770 2882 156.
1808 2848 2019 2898 quarum
2040 2847 2134 2895 eqo
2160 2841 2256 2882 etc.
2271 2867 2285 2891 ‚
2311 2833 2405 2881 mit
2428 2832 2522 2882 der
2544 2834 2679 2885 rhet.

1608 2900 1770 2964 Frage
1794 2900 1934 2949 leitet
1960 2899 2174 2950 Crassus
2211 2901 2322 2960 ein,
2358 2900 2481 2951 dass
2516 2917 2574 2962 er
2598 2902 2679 2952 bei

1606 2967 1697 3016 der
1713 2967 1929 3017 Theorie
1953 2967 2043 3018 des
2067 2966 2516 3034 metaphorischen
2537 2970 2680 3020 Aus-

1607 3035 1826 3085 druckes
1861 3034 1993 3085 noch
2029 3042 2183 3085 etwas
2206 3035 2481 3085 verweilen
2504 3036 2674 3102 wolle,

1598 3102 1790 3166 jedoch
1801 3104 1869 3152 da
1881 3118 1935 3153 es
1955 3102 2282 3160 allbekanute
2293 3103 2494 3154 Sachen
2512 3105 2676 3166 seien,

1606 3185 1702 3221 nur
1725 3170 2103 3221 iibersichtlich.

1672 3236 1764 3296 39,
1810 3247 1900 3288 157.
1958 3239 2315 3291 similitudinis.
2373 3238 2681 3305 Vorausge-

1604 3306 1803 3356 schickt
1849 3307 1973 3356 wird
2015 3306 2098 3356 die
2143 3305 2514 3357 Definition
2563 3308 2677 3358 der

1606 3373 1855 3438 Metaph
1869 3389 1960 3435 er,
1988 3375 2082 3423 wie
2105 3375 2181 3424 sie
2204 3373 2333 3425 auch
2354 3374 2531 3435 Quint.
2551 3376 2680 3426 VIII

1604 3440 1654 3501 6,
1680 3451 1706 3491 8
1739 3442 2133 3507 aufgenommeu
2157 3442 2272 3493 hat:
2306 3443 2360 3492 in
2386 3450 2555 3494 totum
2578 3459 2676 3494 au-

1602 3517 1707 3559 tem
1733 3510 2032 3575 metaphora
2056 3511 2261 3561 brevior
2286 3520 2363 3560 est
2387 3512 2675 3563 similitudo

1602 3575 1921 3642 (Gleichuis)
1969 3592 2133 3640 eoque
2174 3578 2356 3641 distat,
2401 3580 2541 3642 quod
2583 3581 2678 3631 illa

1602 3643 1726 3710 (das
1761 3644 2048 3704 Gleichnis,
2102 3637 2299 3709 εἰκών)
2347 3657 2678 3713 eomparatur

1600 3715 1702 3772 rei,
1739 3728 1892 3777 quam
1918 3714 2152 3764 volumus
2189 3715 2508 3780 exprimere,
2544 3716 2677 3766 haec

1600 3779 1713 3846 (die
1746 3780 2040 3846 Metapher)
2083 3796 2176 3848 pro
2211 3782 2328 3847 ipsa
2360 3797 2418 3831 re
2453 3783 2673 3835 dicitur:

1603 3850 1690 3899 ein
1721 3849 1920 3916 kleines
1952 3851 2003 3899 iu
2041 3851 2124 3899 ein
2158 3850 2307 3900 Wort
2344 3866 2677 3903 zusammen·

1600 3916 1854 3983 gefasstes
1878 3916 2165 3979 Gleichnis,
2201 3932 2265 3967 an
2303 3918 2404 3968 den
2437 3918 2676 3971 fremden

1599 3986 1773 4045 Platz,
1821 3984 1899 4035 als
1931 3987 2067 4036 wire
2102 4000 2157 4035 es
2193 3987 2337 4035 seine
2362 3987 2673 4051 eigentlicbe

1601 4053 1785 4114 Stelle,
1819 4060 2045 4117 gesetzt,
2081 4054 2172 4103 mit
2196 4053 2312 4103 dem
2337 4055 2546 4118 Zweck,
2584 4056 2673 4107 die

1597 4121 1928 4187 Darstellung
1942 4120 2173 4176 dadureh
2190 4122 2432 4188 lebendig
2447 4122 2556 4175 und
2571 4138 2675 4174 au-

1597 4188 1862 4239 schaulich
1890 4206 1957 4241 zu
1977 4188 2215 4241 macheu.
