2930 4693
840 192 942 255 DE
984 192 1343 257 ORATORE
1381 194 1462 256 m
1511 194 1609 256 14.
1653 202 1741 255 54.
1782 200 1869 254 55.
2346 198 2477 264 243

238 366 301 427 id
330 371 436 436 est,
468 362 627 444 qued
657 361 808 432 dico,
842 369 1072 423 ornate.
1163 362 1278 433 Qui
1304 361 1468 423 idem
1495 363 1579 423 ita
1607 361 2013 433 moderantur,
2057 369 2123 424 ut
2151 380 2374 434 rerum,
2405 367 2475 424 ut

237 466 632 532 personarum
661 446 978 525 dignitates
1007 445 1226 517 ferunt,
1259 448 1316 507 ei
1343 453 1484 507 sunt
1510 448 1576 507 in
1604 465 1678 507 eo
1708 465 1930 526 genere
1958 446 2240 508 laudandi
2261 447 2470 518 laudIs,

240 534 397 614 quod
426 550 540 611 ego
571 538 775 611 aptum
804 538 864 591 et
892 548 1231 608 congruens
1260 533 1524 592 nomine.
1615 531 1727 603 Qui
1769 532 1852 593 ita
1893 531 2180 602 dicerent,
2221 549 2324 592 eos
2364 548 2471 592 ne-

239 619 397 698 gavit
423 617 617 679 adhuc
639 633 704 676 se
732 614 948 675 vidisse
975 615 1267 676 Antonius
1306 622 1368 676 et
1394 617 1483 675 eis
1512 615 1629 676 hoc
1658 633 1880 676 nomen
1924 614 2072 677 dixit
2099 614 2474 695 eloquentiae

238 701 382 765 solis
433 719 563 763 esse
616 698 1016 760 tribuendum.
1105 699 1302 770 Quare
1342 700 1492 761 istos
1532 717 1741 760 omnes
1782 717 1878 760 me
1918 707 2162 761 auctore
2206 698 2474 761 deridete

238 794 416 866 atque
457 785 849 852 contemnite,
892 784 996 863 qui
1033 800 1099 844 se
1138 784 1384 852 horum,
1428 785 1533 863 qui
1573 801 1736 844 nunc
1774 785 1857 845 ita
1898 782 2291 864 appellantur,
2333 781 2476 843 rhe-

235 879 438 932 torum
465 869 802 949 praeceptis
830 885 1070 928 omnem
1101 874 1405 929 oratorum
1426 869 1545 928 vim
1569 866 1912 945 complexos
1933 885 2064 928 esse
2089 866 2474 936 arbitrantur,

238 972 434 1035 neque
463 953 657 1014 adhuc
685 970 863 1032 quam
891 969 1208 1031 personam
1240 958 1484 1013 teneant
1511 957 1612 1012 aut
1640 952 1782 1030 quid
1804 952 2211 1031 profiteantur,
2240 949 2477 1012 intelle-

238 1056 383 1117 gere
410 1043 751 1117 potuerunt.
838 1036 993 1096 Vero
1022 1037 1181 1097 enim
1223 1037 1464 1107 oratori,
1509 1054 1661 1115 quae
1701 1045 1841 1097 sunt
1878 1037 1943 1096 in
1985 1036 2296 1097 hominum
2337 1036 2473 1104 vita,

236 1120 718 1203 quandoquidem
745 1122 810 1182 in
840 1138 910 1180 ea
938 1127 1208 1181 versatur
1237 1127 1441 1181 orator
1485 1128 1662 1200 atque
1693 1138 1763 1181 ea
1806 1127 1900 1181 est
1938 1122 1996 1179 ei
2037 1119 2301 1181 subiecta
2347 1135 2475 1180 ma-

226 1208 437 1292 ‚tei-ies,
479 1206 678 1267 omnia
734 1205 1018 1284 quaesita,
1068 1204 1284 1275 audita,
1336 1203 1508 1274 lecta,
1562 1204 1875 1283 disputata,
1937 1211 2205 1273 tractata,
2257 1204 2477 1281 agitata

237 1308 371 1352 esse
401 1289 640 1351 debent.
725 1289 834 1350 Est
860 1289 1019 1350 enim
1051 1287 1385 1368 eloquentia
1413 1306 1534 1349 una
1562 1287 1853 1368 quaedam
1877 1288 1951 1349 de
1973 1290 2223 1350 summis
2242 1288 2477 1348 virtuti-

235 1375 381 1445 bus;
429 1391 788 1454 quamquam
817 1378 959 1433 sunt
984 1390 1193 1434 omnes
1223 1374 1473 1433 virtutes
1501 1371 1777 1451 aequales
1807 1381 1867 1433 et
1894 1390 2091 1451 pares,
2142 1370 2249 1432 sed
2274 1380 2476 1432 tamen

237 1468 333 1520 est
361 1460 592 1539 speeies
620 1457 734 1518 alia
762 1458 952 1536 magis
982 1456 1097 1518 alia
1126 1456 1388 1518 formosa
1424 1463 1486 1517 et
1515 1455 1793 1525 illustris3
1824 1457 1978 1517 sieut
2006 1457 2157 1517 haec
2184 1457 2290 1524 vis,
2322 1473 2477 1534 quae

236 1545 548 1604 scientiam
579 1540 886 1621 complexa
914 1558 1119 1602 rerum
1148 1558 1322 1602 sensa
1351 1542 1572 1601 mentis
1593 1547 1653 1600 et
1681 1539 1926 1602 consilia
1948 1541 2035 1600 sic
2064 1539 2260 1600 verbis
2289 1536 2478 1617 expli-

238 1634 354 1698 cat,
386 1635 454 1689 ut
483 1645 604 1697 eos,
635 1628 740 1706 qui
768 1625 1030 1694 audiant,
1074 1642 1450 1704 quocumque
1479 1624 1837 1692 incubuerit,
1895 1625 2083 1703 possit
2126 1621 2474 1702 impellere;

237 1730 395 1792 quae
424 1730 543 1791 quo
574 1712 765 1772 maior
793 1716 886 1771 est
914 1710 1020 1779 vis,
1065 1708 1183 1770 hoc
1212 1715 1302 1769 est
1330 1710 1520 1786 magis
1560 1708 1854 1786 probitate
1882 1707 2183 1786 iungenda
2213 1723 2478 1767 summa-

239 1814 357 1876 que
388 1796 734 1876 prudentia3
777 1811 1029 1873 quarum
1057 1794 1340 1854 virtutum
1371 1792 1715 1871 expertibus
1743 1794 1796 1854 si
1824 1791 2060 1853 dicendi
2089 1792 2321 1869 copiam
2351 1797 2474 1850 tra·

310 1964 371 2013 id
391 1967 469 2013 eet
493 1962 633 2027 quod
653 1962 770 2011 dico
793 1967 998 2018 ornate,
1029 1959 1121 2009 das
1146 1959 1309 2009 heisst

238 2029 339 2081 mit
357 2030 523 2079 einem
534 2028 702 2091 Wort,
724 2025 854 2076 nach
872 2026 987 2077 dem
1007 2025 1304 2092 eigentlich·

242 2095 573 2148 technischen
588 2094 878 2157 Ausdruck‚
897 2104 1070 2144 ornate
1094 2091 1208 2159 (qui
1227 2094 1309 2144 di-

239 2162 422 2229 cunt);
447 2164 579 2214 dazu
598 2164 791 2212 kommt
808 2162 946 2212 daun
964 2162 1058 2212 das
1082 2169 1204 2228 apte
1228 2162 1307 2212 di-

242 2247 378 2284 cere.
450 2232 547 2281 Ein
578 2228 973 2281 ansreichender
1005 2227 1183 2280 Grund
1224 2230 1310 2279 die

242 2301 327 2353 hs.
351 2300 532 2370 Lesart
567 2313 633 2349 zu
666 2298 862 2349 andern
894 2298 1151 2349 eutweder
1184 2296 1238 2348 in
1263 2297 1311 2348 ei

242 2377 385 2427 sunt.
411 2368 500 2432 qui
522 2368 699 2418 dicunt
722 2374 898 2417 ornate
915 2366 1038 2416 oder
1055 2366 1110 2415 id
1128 2372 1207 2416 est
1225 2365 1316 2429 qui

242 2439 425 2489 dicunt
448 2451 494 2486 o.
520 2434 720 2485 seheint
744 2433 883 2483 nicht
905 2433 1253 2498 vorzuliegen.

315 2506 448 2556 idem
480 2519 553 2554 sc.
579 2502 719 2566 quod
753 2510 930 2551 ornate
964 2500 1165 2551 dieunt.
1209 2515 1314 2550 mo·

243 2575 522 2629 deranmr,
556 2571 610 2621 in
645 2569 855 2620 solchen
881 2567 1174 2618 Schranken
1200 2567 1315 2617 hel-

243 2650 354 2691 ten.

315 2714 373 2759 ut
393 2721 564 2758 rerum
585 2712 644 2755 ut
660 2718 1001 2769 personarum
1022 2703 1316 2767 dignitates,

245 2777 334 2828 die
345 2773 745 2825 verschiedeuen
763 2769 1054 2820 sachlichen
1071 2769 1180 2819 und
1196 2784 1319 2835 per-

248 2841 519 2896 si'mlichen
539 2838 910 2890 Verhiiltnisse.

319 2915 371 2962 in
389 2926 450 2962 eo
466 2923 655 2973 qenere
674 2907 921 2957 laudamii
934 2906 1175 2956 laudis—
1186 2901 1319 2954 nach

248 2978 503 3044 Analogie
537 2976 630 3027 des
654 2975 942 3026 bekannten
964 2970 1318 3038 griechischen

157 3083 164 3090 .
247 3042 737 3113 Sprachgebrauchs
770 3038 977 3108 (γελᾶν
1008 3030 1192 3092 πολὺν
1224 3033 1319 3106 γέ·

247 3112 428 3180 loeta)
446 3113 543 3163 wie
563 3113 582 3160 1
607 3112 692 3170 55,
716 3119 795 3161 235
817 3123 950 3160 novo
978 3119 1027 3158 et
1049 3108 1219 3158 alieno
1240 3121 1321 3157 or·

248 3190 375 3233 natu
398 3207 468 3217 —
489 3193 671 3229 ornare
694 3204 761 3216 --
783 3177 1061 3227 verdienen
1098 3176 1157 3225 in
1185 3176 1320 3225 dem

247 3249 423 3301 Punkt
447 3244 783 3298 oratorischer
806 3244 1027 3294 Stilistik
1047 3243 1185 3304 Lob,
1220 3243 1321 3292 den

247 3317 338 3367 ich
360 3324 455 3364 etc.
481 3315 592 3363 laus
615 3313 669 3361 in
686 3313 801 3363 dem
813 3311 957 3369 Sina,
981 3310 1077 3359 wie
1095 3324 1153 3360 es
1170 3310 1202 3371 S
1224 3309 1325 3360 144

249 3379 534 3451 gebraucht
556 3380 651 3429 ist:
685 3380 741 3428 in
765 3388 984 3442 quatuor
1005 3384 1179 3442 partes
1208 3390 1321 3426 om-

249 3466 373 3504 nem
391 3448 638 3499 orationis
654 3446 859 3496 leudem
877 3446 1243 3510 descripseras.
1255 3470 1320 3481 -

251 3519 461 3571 Andere
494 3515 666 3565 hatten
702 3516 815 3564 eins
838 3514 933 3563 der
954 3512 1142 3563 beiden
1166 3512 1324 3562 Wiir-

251 3596 332 3637 ter
382 3583 638 3635 entweder
693 3581 937 3633 laudandi
985 3580 1110 3631 oder
1153 3579 1321 3630 landis

254 3655 339 3706 fiir
360 3650 567 3703 uneeht.

323 3729 397 3772 54.
430 3722 535 3777 ita.
570 3719 680 3768 also
704 3723 881 3768 ornate
904 3714 1015 3765 und
1035 3721 1172 3778 apte.
1236 3729 1326 3764 ne·

249 3790 416 3855 queit,
452 3786 589 3849 121,
614 3794 684 3838 04.
744 3784 1085 3841 mnam,
1120 3781 1215 3832 wie
1238 3781 1321 3833 Or.

253 3857 315 3919 5,
353 3864 403 3906 18
447 3856 532 3905 cui
564 3853 645 3904 vel
669 3854 862 3918 primas
886 3850 1209 3914 eloquentiae
1231 3864 1325 3915 pa-

255 3935 391 3975 trum
416 3932 703 3974 nostrorum
727 3920 984 3972 tribuebat
1005 3928 1167 3969 aetas.

323 4007 401 4041 noe
423 3998 658 4048 wetere,
693 3991 717 4039 Ι
742 3987 834 4051 12,
867 3996 936 4038 54.
995 3987 1198 4049 hortun,
1234 3985 1328 4036 der

251 4058 509 4125 jetzigen‚
544 4057 643 4107 wie
665 4058 743 4106 sie
766 4055 962 4106 damals
987 4055 1039 4104 in
1064 4054 1198 4104 Rom
1219 4053 1328 4104 Un-

259 4126 465 4176 terricht
499 4142 565 4176 zu
601 4124 813 4175 erteilen
842 4123 1082 4189 pilegten.
1147 4127 1324 4172 orato-

260 4209 386 4254 rum,
408 4195 479 4244 im
502 4192 792 4259 Gegensatz
816 4206 883 4242 zu
906 4190 1185 4240 rhetorum.

1643 1976 1919 2026 personant
1943 1967 2175 2020 teneant,
2201 1960 2285 2009 ein
2309 1959 2478 2009 sceni-

1408 2027 1556 2079 scher
1580 2028 1878 2078 Ausdruek:
1914 2027 2103 2077 welche
2126 2026 2272 2077 Rolle
2305 2026 2380 2076 sie
2407 2042 2473 2077 zu

1409 2095 1606 2162 spielen
1628 2094 1817 2145 haben.
1859 2102 1949 2145 aut
1971 2098 2095 2161 quid
2111 2096 2474 2160 profiteantur.

1408 2177 1515 2213 was
1538 2163 1619 2212 ihr
1641 2162 1967 2228 eigentlicher
1989 2162 2151 2212 Berul'
2164 2163 2249 2212 ist.

1489 2265 1629 2316 Vero
1676 2264 1903 2325 oratori,
1960 2262 2032 2311 im
2080 2260 2370 2327 Gegensatz
2420 2275 2490 2310 m

1415 2331 2001 2466 gegoPseudo-oratores,
2015 2330 2114 2381 den
2126 2329 2486 2389 Rhetorikern‚

1485 2511 1554 2551 55.
1600 2499 1792 2550 Dareus
1837 2498 1962 2564 folgt
2010 2499 2093 2548 die
2131 2512 2234 2548 von
2270 2496 2490 2548 Crassus

1417 2568 1582 2619 selbot
1611 2568 1646 2630 S
1668 2565 1733 2616 91
1770 2567 1824 2617 ff.
1871 2582 1955 2617 em
1988 2569 2168 2617 besten
2200 2565 2492 2615 motivierte

1418 2635 1629 2699 lingere
1652 2634 1949 2699 Digression
1976 2632 2071 2699 (-
2095 2649 2141 2683 c.
2166 2630 2281 2695 25).

1489 2735 1591 2786 Est
1613 2736 1743 2785 enim
1765 2761 1831 2770 —-
1857 2732 1987 2796 nach
2005 2732 2264 2783 stoischen
2284 2730 2490 2782 Grund-

1421 2806 1620 2864 sfitzen,
1644 2798 1677 2868 S
1702 2799 1790 2866 65,
1813 2802 1838 2851 1
1866 2799 1946 2863 18,
1968 2809 2034 2852 83.
2073 2800 2166 2851 Die
2183 2800 2494 2850 Bet-edeam-

1420 2872 1527 2920 keit
1549 2871 1617 2920 ist
1643 2868 1782 2920 nicht
1816 2869 1928 2919 blos
1954 2867 2321 2918 theoretisches
2345 2867 2489 2918 Wis-

1421 2954 1543 3000 seu‚
1571 2937 1795 2987 sondern
1819 2936 1998 3003 geliiirt
2024 2952 2088 2986 zu
2113 2938 2211 2985 den
2237 2934 2491 2986 sittlichen

1421 3006 1976 3070 Lebensfiusserungen
1995 3004 2086 3054 des
2107 3003 2399 3064 Menschen,
2426 3002 2495 3052 ist

1420 3074 1532 3125 also
1569 3073 1687 3123 sehr
1719 3071 2039 3139 praktischer
2071 3072 2230 3121 Natur
2263 3068 2492 3133 (virtutis

1423 3143 1558 3191 enim
1595 3142 1708 3191 laus
1745 3141 1911 3191 omnis
1937 3141 1991 3189 in
2015 3141 2218 3188 actione
2240 3138 2494 3193 consistit,

1423 3210 1491 3260 de
1525 3208 1612 3259 off.
1650 3210 1671 3258 1
1703 3206 1763 3270 6,
1812 3208 1902 3268 19).
1983 3207 2047 3256 Ja
2082 3204 2373 3270 anl'ae‘inglieh
2409 3203 2493 3253 fiel

1421 3275 1744 3343 praktisches
1768 3274 1874 3325 und
1898 3271 2263 3323 theoretisches
2281 3272 2495 3321 Vt'issen

1426 3344 1557 3394 noch
1582 3342 1721 3392 nicht
1743 3340 2113 3399 auseinander,
2140 3339 2363 3389 sondern
2387 3351 2493 3386 we.-

1422 3427 1514 3461 ren
1550 3410 1700 3460 beide
1733 3409 1785 3459 in
1822 3409 1913 3459 der
1947 3408 2096 3457 einen
2122 3406 2376 3471 sapientia
2399 3418 2496 3468 ge-

1425 3480 1609 3543 einigt3
1645 3480 1818 3543 spiiter
1850 3477 1974 3524 aber
1996 3473 2165 3523 haben
2189 3471 2300 3523 sicli
2322 3471 2499 3522 Philo·

1425 3546 1607 3611 sophie
1653 3544 1758 3595 und
1807 3540 2191 3593 Beredsamkeit
2243 3540 2320 3591 als
2369 3539 2496 3590 zwei

1425 3612 1773 3677 selbstfiudige
1787 3609 1996 3661 Gebiete
2013 3622 2115 3659 von
2136 3607 2379 3659 einander
2401 3621 2494 3673 ge·

1425 3680 1671 3732 schieden
1697 3680 1785 3743 (—
1809 3674 1842 3744 S
1867 3675 1983 3743 61).

1495 3767 1739 3831 aequales
1760 3769 1813 3814 et
1832 3777 1996 3827 pares
2022 3787 2086 3796 —
2111 3758 2239 3810 nach
2264 3760 2378 3809 dem
2402 3758 2499 3808 be-

1425 3833 1651 3883 kannten
1700 3829 1954 3881 stoischen
2005 3828 2185 3879 Satze:
2231 3825 2413 3876 Parad.
2448 3824 2499 3872 V

1428 3888 1520 3952 ὅτι
1547 3897 1645 3950 ἴσα
1669 3888 1741 3949 τὰ
1761 3890 2148 3963 ἁμαρτήματα
2165 3891 2267 3946 καὶ
2293 3907 2500 3959 κατορ-

1429 3959 1696 4032 θώματα.
1767 3966 1992 4030 species,
2041 3963 2126 4013 die
2159 3964 2370 4012 §assere
2401 3960 2500 4011 Er-

1427 4034 1730 4099 scheinung.

1495 4118 1805 4252 {teuchum-ic,
1839 4115 1950 4166 sich
1971 4116 2065 4165 mit
2087 4113 2251 4164 ihrem
2274 4109 2502 4163 Gewicht

1426 4202 1510 4237 nei
1575 4223 1587 4236 .
