2930 4693
502 201 542 264 8
1223 200 1321 261 DE
1351 199 1710 262 ORATORE
1739 200 1764 260 1
1796 200 1855 262 3.
1886 206 1938 258 8.
1961 206 2014 258 9.

500 367 992 440 innumerabiles,
1035 371 1099 431 in
1142 354 1395 432 dicendo
1435 377 1633 430 autem
1677 368 2038 431 excellentes
2076 370 2170 430 vix
2209 387 2432 449 paucos
2459 369 2736 450 proferre

417 458 452 508 8
494 455 824 531 possimus?
881 455 1003 517 lam
1046 474 1187 516 vero
1229 453 1478 517 consilio
1508 473 1579 516 ac
1607 456 1894 535 sapientia
1923 455 2026 535 qui
2053 472 2268 534 regere
2297 473 2367 516 ac
2396 454 2734 534 gubernare

504 556 631 600 rem
659 538 956 620 publicam
986 549 1262 621 possent,
1293 539 1464 601 multi
1492 548 1711 611 nostra,
1741 539 1947 619 plures
1974 546 2210 620 patrum
2241 540 2530 601 memoria
2559 546 2734 620 atque

504 625 680 686 etiam
709 626 999 687 maiorum
1031 627 1409 694 exstiterunt,
1451 644 1587 687 cum
1617 624 1762 685 boni
1791 623 2003 705 perdiu
2034 623 2210 696 nulli,
2256 626 2352 685 vix
2380 633 2580 686 autem
2611 625 2733 685 sin·

502 709 654 788 gulis
692 710 980 772 aetatibus
1020 710 1239 790 sing-uli
1278 710 1620 772 tolerabiles
1670 718 1939 771 oratores
1989 711 2418 771 invenirentur.
2523 712 2608 772 Ac
2661 727 2733 772 ne

502 796 633 874 quis
676 795 831 857 forte
873 814 1007 858 cum
1052 795 1181 857 aliis
1221 795 1468 867 studiis,
1524 813 1675 875 quae
1716 795 2041 856 reconditis
2079 797 2141 855 in
2184 794 2411 856 artibus
2453 803 2629 875 atque
2672 795 2734 854 iu

503 879 754 957 quadam
797 883 1076 942 varietate
1117 880 1449 942 litterarum
1491 888 1831 950 versentur,
1875 881 2063 959 magis
2103 881 2258 942 hanc
2287 878 2526 940 dicendi
2553 880 2736 940 ratio·

504 983 661 1036 nem,
693 984 871 1046 quam
902 985 1037 1028 cum
1066 967 1447 1046 imperatoris
1476 964 1650 1027 laude
1680 973 1782 1027 aut
1811 984 1945 1026 cum
1961 965 2105 1027 boni
2116 966 2407 1027 senatoris
2419 963 2735 1046 prudentia

503 1050 963 1130 comparandam
995 1058 1187 1131 putet.
1219 1053 1322 1132 qui
1350 1059 1657 1112 convertat
1696 1052 1960 1112 animum
2001 1051 2075 1111 ad
2118 1069 2188 1112 ea
2226 1052 2354 1130 ipsa
2382 1051 2601 1111 artium
2633 1067 2733 1129 ge-

504 1152 651 1196 nera
680 1136 1249 1218 circumspiciatque,
1280 1139 1383 1216 qui
1408 1139 1474 1197 in
1504 1137 1590 1197 eis
1617 1135 1951 1198 floruerunt
1977 1154 2153 1216 quam
2183 1134 2357 1196 multi
2384 1137 2533 1206 sint,
2566 1132 2733 1196 facil-

388 1222 475 1297 39
505 1217 646 1280 lime
675 1229 893 1300 quanta
922 1229 1226 1284 oratorum
1254 1223 1332 1282 sit
1357 1240 1713 1302 semperque
1743 1222 1925 1283 fuerit
1950 1223 2217 1301 paucitas
2244 1220 2548 1284 iudicabit.
2619 1219 2732 1282 Ne-

505 1323 620 1385 que
633 1307 864 1367 enimte
887 1306 1309 1386 sugitomnium
1328 1306 1696 1369 laudatarum
1715 1307 1929 1368 artium
1952 1307 2415 1386 procreatricem
2439 1304 2734 1386 quandam

504 1398 565 1450 et
591 1392 761 1471 quasi
786 1401 1096 1472 parentem
1139 1411 1298 1464 eam,
1342 1411 1520 1473 quam
1549 1391 1966 1473 φιλοσοφίαν
1995 1392 2207 1454 Graeci
2237 1399 2476 1463 vocant,
2521 1389 2596 1452 ab
2627 1390 2733 1452 ho-

502 1475 761 1545 minibus
802 1476 1157 1539 doctissimis
1196 1441 1479 1548 iudicari;
1522 1479 1586 1538 in
1626 1496 1743 1558 qua
1785 1475 2025 1539 difficile
2056 1486 2147 1538 est
2176 1494 2560 1547 enumerare,
2592 1483 2737 1557 quot

505 1561 613 1621 viri
652 1570 870 1642 quanta
909 1565 1155 1625 scientia
1196 1572 1533 1644 quantaque
1573 1564 1634 1626 in
1676 1564 1799 1624 suis
1863 1562 2073 1625 studiis
2126 1564 2404 1624 varietate
2455 1571 2515 1623 et
2565 1561 2734 1641 copia

502 1646 751 1720 suerint,
783 1650 885 1729 qui
905 1667 1027 1710 non
1057 1668 1174 1711 una
1202 1648 1440 1730 aliqua
1422 1666 1488 1709 m
1516 1667 1586 1709 re
1613 1649 1932 1729 separatim
1956 1647 2346 1718 elaborarint,
2381 1646 2486 1708 sed
2517 1647 2733 1715 omnia,

501 1750 910 1815 quaecumque
950 1743 1224 1815 possent,
1268 1733 1362 1795 vel
1390 1735 1638 1795 scientia
1667 1742 1728 1794 et
1753 1735 2252 1813 pervestigatione
2281 1732 2373 1793 vel
2402 1729 2733 1794 disserendi

1665 1902 1846 1953 lichem
1873 1903 2180 1954 Nachdruck
2214 1918 2309 1953 ans
2332 1902 2476 1954 Ende
2493 1901 2727 1969 gestellv
2711 1938 2727 1961 ,

1668 1972 1803 2022 deun
1829 1972 1969 2022 nicht
1990 1987 2078 2022 um
2103 1974 2187 2022 die
2208 1973 2487 2035 Personen,
2512 1972 2727 2022 sondern

1669 2056 1755 2090 um
1767 2041 1853 2091 die
1871 2056 1982 2107 gro
1994 2057 2057 2091 ss
2070 2056 2099 2090 e
2111 2043 2155 2090 A
2167 2056 2200 2090 n
2214 2038 2731 2105 zalwirktichaunge-

1671 2108 2460 2159 zeichneterMiinnerhandeites
2471 2107 2726 2171 sichjetzt.

1669 2178 1765 2228 Die
1775 2177 2144 2244 Vulgatlesart:
2172 2186 2434 2227 convertat
2444 2175 2609 2241 (ohne
2617 2172 2729 2240 qui)

501 1919 592 1954 sen
627 1918 729 1954 von
764 1904 866 1953 den
899 1903 1019 1955 ciar.
1047 1904 1186 1955 hom.
1224 1905 1276 1955 d.
1302 1904 1354 1956 h.
1378 1904 1460 1955 ὤι-
1482 1904 1567 1953 die

501 1972 787 2036 subjective
807 1974 1218 2039 Anerkennung‚
1254 1974 1319 2023 ob
1346 1973 1566 2023 Jemand

502 2048 655 2090 unter
694 2041 778 2090 die
811 2040 935 2090 Zabl
976 2041 1068 2091 der
1093 2042 1156 2091 cl.
1180 2041 1233 2091 h.
1274 2041 1468 2106 gehon-e
1498 2067 1566 2076 —

502 2108 721 2158 nehmen
747 2109 884 2158 will:
933 2125 977 2160 s.
1015 2111 1133 2160 krit.
1159 2109 1293 2160 Anb.
1322 2125 1387 2159 zu
1410 2111 1461 2159 d.
1489 2108 1567 2160 St.

569 2185 613 2227 8.
647 2179 747 2228 iam
765 2193 886 2229 vero
906 2204 971 2215 —
996 2180 1201 2243 ‘weiter,
1226 2178 1395 2228 fer-ner
1412 2180 1568 2240 aber‚’

502 2247 525 2296 1
554 2244 641 2305 13,
666 2254 736 2296 58.

567 2315 781 2377 tinnulis
800 2317 1001 2382 σιήριιὶί.
1031 2315 1127 2366 Die
1149 2313 1565 2382 Verdoppelung,

502 2398 587 2433 um
613 2383 837 2434 dadurch
865 2385 958 2435 das
982 2385 1301 2436 distributive
1328 2383 1568 2434 Verbz‘iit·

503 2454 583 2503 uis
607 2452 785 2501 schari'
805 2468 870 2502 zu
895 2453 1197 2509 markieren,
1225 2455 1379 2504 haum
1398 2453 1450 2502 in
1464 2453 1563 2518 je-

450 2546 455 2552 ·
505 2520 640 2570 dem
688 2521 1031 2572 einzelnen
1072 2521 1311 2573 Zeitalter
1358 2523 1562 2582 einen,

503 2591 526 2639 1
565 2587 662 2654 28,
704 2598 796 2640 1²8.
858 2590 1006 2643 Caes.
1051 2591 1100 2640 b.
1129 2606 1180 2655 g.
1218 2591 1288 2641 lV
1311 2591 1396 2641 20.
1445 2589 1566 2653 Vgl.

502 2657 645 2708 Brut.
679 2656 774 2718 97,
808 2667 885 2710 333
929 2659 1109 2709 Nonne
1143 2660 1427 2717 cernimus,
1476 2658 1566 2707 vix

503 2726 721 2791 siugulis
745 2728 999 2778 aetatibus
1025 2728 1170 2778 binos
1202 2737 1429 2779 oratores
1453 2726 1567 2776 lau-

505 2794 701 2844 dabiles
724 2797 1054 2846 constitisse?

569 2864 654 2914 Ac
677 2878 740 2913 ne
774 2866 903 2929 quis.
950 2863 1089 2914 Nach
1121 2863 1446 2928 Erwiihnung
1477 2863 1570 2912 der

503 2931 688 2981 beiden
712 2930 1037 2997 praktischen
1064 2931 1273 2982 Gebiete
1298 2933 1390 2982 des
1414 2931 1567 2981 Feid-

502 2998 653 3049 herrn
680 2999 789 3049 und
813 3000 1169 3050 Staatsmanus
1192 3000 1315 3065 geht
1340 2998 1446 3050 Cic.
1476 3014 1568 3049 zur

501 3067 882 3134 Vergieichung
922 3069 1013 3118 der
1048 3068 1318 3134 eigentlich
1351 3068 1567 3119 wissen-

503 3134 707 3185 schaftl.
742 3137 868 3187 oder
907 3135 1122 3187 theoret.
1166 3136 1377 3187 Gebiete
1422 3138 1564 3188 iiber.

508 3204 620 3269 νει.
650 3204 670 3254 Ι
692 3202 777 3264 49,
802 3214 879 3256 210
902 3204 956 3255 ff.

567 3275 849 3325 reconditis
870 3275 925 3324 in
941 3274 1152 3334 arcibus,
1174 3272 1568 3339 Geistesthiitig-

501 3342 669 3392 keiten
685 3377 699 3403 ,
751 3343 834 3393 die
879 3345 989 3392 rein
1037 3341 1566 3400 wissenschastiicher,

499 3412 776 3461 abstracter
794 3411 954 3462 Natur
970 3411 1087 3461 sind
1102 3412 1209 3462 und
1227 3410 1335 3462 sich
1350 3425 1454 3461 -vou
1475 3411 1568 3461 der

500 3479 908 3531 Oeffentlichkeit
941 3480 1034 3531 des
1067 3490 1334 3531 concreten
1365 3480 1566 3530 Lebeus

500 3547 892 3599 zuriickziehen.
925 3548 1065 3601 Brut.
1089 3548 1173 3612 11,
1193 3557 1244 3598 44
1267 3547 1569 3599 Pericles-—

497 3617 710 3683 primus„
753 3617 988 3668 adhibuit
1045 3618 1328 3668 doctrinam
1348 3654 1365 3683 ‚
1436 3630 1568 3681 quae

499 3700 807 3749 quamquam
853 3696 959 3735 tum
1009 3686 1148 3736 uuila
1194 3695 1301 3735 erat
1346 3684 1567 3742 dicendi,

498 3763 666 3803 tamen
692 3757 755 3803 ab
771 3757 1075 3821 Anaxagora
1097 3754 1312 3820 physico
1337 3754 1568 3803 eruditus

500 3822 917 3873 exercitationem
964 3826 1154 3873 mentis
1201 3838 1234 3871 a
1277 3823 1562 3873 reconditis

497 3892 849 3954 abstrusisque
888 3892 1043 3941 rebus
1076 3893 1143 3941 ad
1178 3905 1362 3941 causas
1389 3890 1559 3940 soren-

498 3973 583 4007 ses
608 3961 987 4025 popularesque
1010 3959 1159 4010 facile
1177 3960 1491 4009 traduxerat.

563 4029 813 4078 varietate
846 4029 1153 4091 litterarum,
1191 4027 1292 4078 ‘die
1328 4026 1436 4077 sich
1472 4026 1568 4076 auf

496 4094 893 4146 verschiedenen
907 4094 1300 4148 wissenschaftl.
1314 4094 1560 4145 Gebieten

497 4164 775 4227 bewegenl

567 4246 714 4298 quam
746 4233 890 4280 multi
911 4232 1015 4282 sine
1039 4258 1103 4268 —-
1137 4247 1195 4282 so
1220 4232 1311 4282 mit
1334 4225 1561 4282 absicht

1672 2273 1737 2283 --
1761 2247 2241 2312 circumspiciatque
2260 2246 2349 2310 qui
2368 2247 2421 2294 iu
2446 2246 2523 2295 eis
2547 2245 2728 2294 florue-

1669 2316 1789 2375 rint,
1808 2330 2067 2380 quamque
2089 2314 2259 2378 multi,
2278 2315 2354 2365 sic
2373 2313 2616 2365 facillime
2634 2321 2730 2365 ete.

1668 2384 1906 2434 beacbtet
1931 2385 2069 2434 diess
2098 2383 2259 2433 nicht.

1735 2452 1784 2511 3,
1809 2461 1853 2503 9.
1878 2454 2201 2503 laudatarum
2222 2452 2306 2502 od.
2332 2450 2575 2518 optimae,
2590 2463 2731 2515 prae·

1667 2522 2042 2581 stantissimae,
2078 2522 2146 2570 im
2173 2519 2459 2585 Gegensatz
2484 2518 2640 2569 sowol
2668 2533 2730 2567 ιιι

1668 2591 1767 2640 den
1779 2590 1839 2638 ha
1847 2585 2730 2653 ndwerksmissigen,bauausiscben

1667 2657 2133 2723 Beschiiftigungen
2143 2657 2307 2722 (artes
2319 2656 2611 2712 illiberales,
2623 2668 2732 2705 sor·

1668 2724 1871 2790 didae),
1911 2727 1988 2776 ais
2029 2725 2160 2776 auch
2203 2725 2302 2775 den
2335 2726 2531 2775 minora
2563 2723 2732 2774 studia

1668 2795 1760 2845 der
1780 2803 1874 2845 art.
1902 2794 2136 2844 liberales
2159 2794 2283 2844 oder
2303 2795 2572 2858 ingenuae.

1731 2864 2160 2929 procreatricem,
2196 2863 2349 2912 Tusc.
2370 2863 2392 2911 1
2415 2859 2512 2923 26,
2536 2868 2588 2910 ei
2611 2859 2722 2925 phi-

1669 2931 1904 2998 losophia
1937 2932 2166 2981 omnium
2200 2941 2362 2981 mater
2391 2930 2601 2992 artium,
2645 2929 2727 2979 od.

1669 3000 1764 3050 wie
1789 3000 1867 3050 sie
1890 3000 1955 3050 de
1978 2999 2065 3048 fin.
2082 2998 2190 3061 v3,
2215 3009 2239 3049 7
2264 2996 2563 3049 bezeichnen
2585 2996 2723 3058 wird,

1671 3068 1899 3118 omnium
1935 3069 2120 3118 artium
2154 3067 2376 3118 officina.
2440 3065 2560 3130 vgl.
2586 3063 2725 3116 Brut.

1667 3135 1754 3197 93,
1778 3145 1855 3187 3⁴2²
1878 3135 2256 3203 philosophiam
2277 3142 2486 3185 matrem
2506 3132 2726 3184 omnium

1666 3207 1798 3256 hene
1821 3205 2318 3267 factorumsbeneque
2342 3204 2609 3253 dictorum.

1734 3276 1789 3324 in
1822 3290 1940 3341 qua.
1990 3273 2058 3324 So
2094 3273 2220 3323 wird
2254 3273 2346 3323 das
2380 3271 2522 3321 relat.
2558 3268 2726 3335 biiuflg

1666 3343 1752 3393 bei
1802 3343 2022 3393 starkem
2071 3342 2355 3407 Gegensatz
2400 3337 2725 3405 augewandt3

1669 3411 1814 3460 ‘und
1850 3409 2013 3460 doch
2049 3412 2117 3460 ist
2151 3424 2206 3459 es
2238 3408 2435 3459 schwer
2466 3408 2647 3458 dariu
2671 3421 2723 3457 ιι.

1668 3496 1712 3530 s.
1736 3476 1821 3529 vv.’
1858 3479 1892 3540 S
1914 3477 2034 3529 246.
2067 3478 2210 3528 Brut.
2233 3476 2321 3537 29,
2349 3485 2442 3527 112.

1736 3564 1839 3598 una
1861 3549 2034 3614 aliqua
2055 3548 2109 3597 in
2129 3562 2217 3608 re,
2254 3547 2324 3596 ‘in
2348 3546 2512 3595 einem
2537 3542 2725 3594 einzel-

1670 3632 1770 3667 nen
1790 3616 1992 3681 Zvveig
2010 3615 2100 3665 des
2111 3611 2389 3667 Wissens'.
2413 3611 2723 3678 Nageisbach

1669 3685 1783 3735 Lat.
1809 3683 1922 3735 Stil.
1948 3685 1979 3745 5
2001 3681 2054 3743 8,
2078 3692 2121 3736 o.
2172 3682 2298 3745 117,
2322 3691 2365 3733 a.

1733 3759 1950 3819 possent
1995 3779 2059 3789 -
2107 3752 2220 3802 weil
2252 3749 2726 3816 comprehenderint

1660 3819 1783 3889 (wie
1796 3821 2057 3871 tuerintu.
2069 3818 2625 3880 elaborarintniscoui.
2637 3817 2724 3867 des

1606 3939 1631 3958 ,
1660 3890 1836 3941 aorist.
1861 3888 2086 3940 Perfects
2111 3905 2178 3939 zu
2201 3886 2498 3938 betrachteu
2523 3885 2656 3939 sind.

1726 3959 1942 4009 scientia
1987 3965 2041 4009 et
2066 3957 2499 4023 pervestigatione
2532 3979 2602 3990 —--
2633 3954 2722 4003 da·

1662 4041 1709 4076 m
1716 4028 1754 4076 it
1763 4026 1888 4076 wird
1899 4026 2272 4091 dieThatigkeit
2281 4024 2371 4074 des
2381 4021 2720 4088 Philosophen

1662 4093 1793 4144 nach
1826 4094 1964 4144 ihrer
2006 4094 2102 4144 auf
2129 4094 2229 4144 den
2270 4089 2718 4159 philosophischeu

1664 4162 1881 4213 Inhalt
1916 4164 2019 4212 und
2063 4163 2250 4213 dessen
2284 4161 2603 4223 Gevvinuuug
2633 4174 2720 4223 ge-

1661 4230 1904 4280 richteten
1931 4230 2070 4281 Seite
2107 4227 2404 4280 bezeichnet
2439 4226 2555 4288 (der
2594 4227 2720 4278 heim
