2930 4693
447 182 579 248 176
1010 175 1111 239 DE
1147 172 1504 237 ennom-3
1542 171 1596 235 11
1640 174 1742 237 56.
1786 180 2097 234 227—229.

446 365 612 410 num.
702 346 819 408 Sed
849 344 1008 407 dicet
1046 352 1123 417 te,
1168 362 1305 407 cum
1346 343 1527 406 aedes
1567 342 1885 415 venderes,
1928 360 2006 404 ne
2041 345 2106 405 in
2142 345 2295 405 rutis
2332 345 2577 426 quidem
2631 355 2718 409 et

449 433 638 495 caesis
667 430 879 494 solium
906 429 1021 492 tibi
1047 437 1360 510 paternum
1390 430 1705 508 recepisse.
1779 430 1870 489 An
1898 429 1991 489 rei
2017 427 2297 491 militari?
2351 430 2470 503 Qui
2499 449 2710 493 num·

447 534 627 599 quam
666 524 859 578 castra
916 513 1160 576 videris!
1218 515 1309 574 An
1350 512 1755 593 eloquentiae?
1814 512 1978 585 Quae
2026 512 2191 575 nulla
2231 521 2326 576 est
2359 516 2426 575 in
2463 522 2560 586 te;
2617 524 2710 577 et

446 600 731 683 quidquid
761 608 852 662 est
872 602 1033 662 vocis
1054 617 1124 660 ac
1145 597 1402 677 linguae,
1433 614 1611 659 omne
1629 599 1694 659 in
1713 599 1892 659 istum
1916 600 2318 679 turpissimum
2342 599 2706 662 calumniae

445 692 753 767 quaestum
782 684 1110 747 contulisti!
1172 682 1264 743 Tu
1290 682 1482 744 lucem
1507 684 1771 764 aspicere
1802 681 2017 751 audes?
2052 690 2122 744 tu
2162 684 2272 745 hos
2310 684 2575 746 intueri?
2615 693 2704 747 tu

445 772 512 833 in
541 770 689 841 soro,
721 778 786 831 tu
813 771 877 830 in
905 767 1074 839 urbe,
1106 774 1171 829 tu
1199 768 1262 827 in
1292 768 1508 828 civium
1537 786 1668 830 esse
1695 768 2055 845 conspectu?
2083 776 2148 829 tu
2167 767 2331 829 illam
2354 777 2696 846 mortuam,

448 863 510 917 tu
538 856 830 933 imagines
874 855 1035 934 ipsas
1072 870 1194 913 non
1236 852 1681 931 perhorrescis?
1721 852 1935 933 quibus
1976 870 2096 913 non
2134 853 2312 914 modo
2349 854 2696 927 imitandi8‚

272 936 477 1011 56227
494 940 601 1002 sed
630 957 707 1000 ne
738 936 1098 999 collocandis
1126 936 1365 1017 quidem
1394 935 1504 998 tibi
1531 937 1727 998 locum
1756 936 1944 999 ullum
1984 936 2313 1018 reliquisti!
2364 938 2483 999 Sed
2526 939 2704 1000 haee

444 1026 670 1103 tragica
702 1031 876 1103 atque
907 1023 1133 1090 divina;
1165 1021 1354 1083 faceta
1386 1028 1583 1084 autem
1615 1029 1675 1083 et
1705 1022 1931 1083 urbana
1958 1021 2416 1083 innumerabilia
2448 1042 2527 1084 ex
2553 1042 2694 1085 una

444 1110 724 1170 contione
754 1107 1124 1168 meministis,
1185 1106 1308 1168 Nec
1338 1107 1495 1167 enim
1528 1108 1828 1168 contentio
1857 1108 2048 1168 maior
2085 1125 2364 1187 umquam
2405 1108 2522 1169 fuit
2564 1125 2700 1169 neo

444 1192 601 1273 apud
633 1191 918 1272 populum
950 1193 1183 1271 gravior
1212 1193 1403 1257 oratio
1444 1209 1623 1271 quam
1652 1191 1826 1253 buius
1868 1199 2077 1252 contra
2106 1190 2392 1271 collegam
2433 1194 2499 1253 in
2531 1211 2696 1253 cen-

441 1295 584 1338 sura
615 1294 808 1356 nuper
837 1294 1031 1357 neque
1062 1273 1265 1355 lepore
1295 1282 1354 1336 et
1381 1275 1691 1338 festivitate
1721 1276 2034 1338 conditior.

614 1360 809 1434 Quare
840 1360 966 1432 tibi,
999 1361 1234 1432 Antoni,
1274 1371 1598 1441 utrumque
1624 1360 1923 1422 adsentior
1954 1368 2015 1422 et
2042 1360 2293 1422 multum
2321 1360 2572 1423 facetias
2614 1363 2690 1422 in

442 1446 695 1507 dicendo
725 1446 1011 1526 prodesse
1040 1464 1218 1524 saepe
1249 1456 1310 1506 et
1338 1463 1438 1507 eas
1469 1453 1595 1506 arte
1637 1444 1799 1508 nullo
1828 1445 2007 1506 modo
2036 1464 2211 1525 posse
2251 1446 2425 1507 tradi.
2512 1445 2681 1507 Illud
2768 1495 2774 1502 .

440 1530 683 1612 quidem
730 1532 1010 1603 admiror,
1062 1540 1123 1591 te
1168 1530 1340 1592 nobis
1383 1532 1444 1590 in
1494 1549 1565 1592 eo
1608 1548 1829 1609 genere
1869 1529 2148 1592 tribuisse
2174 1536 2403 1592 tantum
2435 1538 2500 1591 et
2542 1549 2676 1592 non

439 1616 616 1677 buius
646 1618 738 1676 rei
766 1633 1004 1697 quoque
1032 1614 1289 1696 palmam
1322 1611 1419 1698 [ut
1447 1614 1810 1695 ceterarum]
1844 1615 2055 1676 Crasso
2085 1614 2382 1676 detulisse.

612 1700 765 1772 Tum
794 1698 1188 1771 ANTONIUS,
1219 1700 1343 1779 Ego
1378 1717 1516 1760 vero
1544 1701 1626 1763 ita
1656 1700 1946 1769 fecissem,
1979 1701 2189 1780 inquit,
2221 1700 2334 1760 nisi
2361 1700 2678 1761 interdum

437 1787 501 1846 in
530 1785 646 1846 boc
676 1786 887 1847 Crasso
916 1784 1179 1864 paullum
1208 1785 1554 1864 inviderem.
1641 1785 1789 1846 Nam
1832 1802 1961 1844 esse
1990 1786 2253 1864 quamvis
2292 1784 2556 1846 facetum
2587 1793 2678 1847 at-

437 1888 555 1949 que
582 1868 801 1930 salsum
832 1887 953 1930 non
982 1870 1159 1930 nimis
1190 1876 1281 1929 est
1308 1886 1419 1948 per
1446 1887 1512 1929 se
1540 1870 1733 1948 ipsum
1763 1868 2173 1939 invidendum3
2216 1869 2339 1938 sed,
2372 1887 2511 1931 cum
2540 1890 2680 1930 om-

437 1955 604 2014 nium
646 1954 723 2012 sit
761 1954 1204 2014 venustissimus
1245 1959 1305 2013 et
1342 1953 1796 2024 urbanissimuS,
1848 1956 2114 2014 onmium
2157 1954 2573 2032 gravissimum
2617 1961 2680 2015 et

438 2038 875 2099 severissimum
908 2044 968 2097 et
997 2054 1125 2097 esse
1156 2046 1216 2097 et
1243 2034 1446 2109 videri,
1489 2038 1649 2118 quod
1687 2039 1785 2099 isti
1827 2039 2074 2117 contigit
2113 2039 2237 2107 uni,
2279 2036 2342 2098 id
2384 2038 2536 2099 mihi
2575 2041 2678 2100 vix

439 2122 753 2184 ferendum
783 2120 1110 2183 videbatur.

607 2207 717 2268 Hic
748 2225 883 2268 cum
914 2206 1218 2268 adrisisset
1242 2207 1371 2287 ipse
1400 2207 1674 2269 Crassus:
1718 2207 2008 2278 Attamen,
2048 2209 2243 2287 inquit
2269 2202 2678 2280 ANTONIUS,

308 1706 413 1761 228

304 2219 410 2273 229

502 2362 558 2409 in
580 2362 711 2410 rutis
736 2368 829 2411 ete.
864 2360 981 2426 Dig.
1007 2361 1048 2410 L
1081 2361 1158 2411 tit.
1187 2358 1253 2410 16
1283 2360 1339 2410 in
1371 2361 1500 2410 rutis

436 2429 602 2478 caesis
625 2442 686 2477 ea
709 2437 844 2491 sunt,
870 2443 1002 2492 quae
1024 2435 1157 2477 terra
1183 2443 1285 2478 non
1318 2436 1518 2477 teuen-‘

435 2504 536 2557 tur,
564 2509 797 2558 quaeque
813 2509 967 2560 opere
989 2496 1200 2546 structili
1222 2497 1503 2545 tectoriove

436 2556 539 2613 don
583 2564 926 2625 continentur,
974 2565 1083 2615 also
1127 2563 1210 2615 die
1243 2564 1500 2625 Mobilien‚

434 2645 541 2682 was
566 2631 705 2681 nicht
727 2632 857 2681 niet·
880 2631 1012 2682 noch
1038 2631 1284 2697 nagelfest
1299 2633 1372 2682 ist
1392 2632 1502 2681 und

436 2699 684 2749 demnach
730 2699 1001 2765 cigentlich
1043 2700 1113 2749 im
1146 2698 1507 2750 Hansverkauf

436 2766 575 2816 nicht
598 2768 934 2832 mitbegriffen
959 2783 1079 2817 war.
1149 2767 1337 2818 Brutus
1360 2766 1500 2817 hatte

434 2835 559 2883 aber
601 2834 726 2883 alles
771 2835 851 2884 bis
895 2834 990 2884 auf
1019 2835 1120 2885 den
1153 2833 1498 2886 ‘Grossvater·

394 2954 399 2959 ,
434 2899 595 2952 stuhl‘
621 2904 930 2952 verfiussert.

500 2971 677 3019 solium
696 2995 765 3004 —
782 2968 895 3018 also
913 2969 1156 3033 sowenig
1172 2968 1338 3019 Pietat
1359 2969 1500 3019 hatte

432 3036 491 3087 Β.
529 3036 808 3098 bewiesen‚
861 3036 981 3086 dass
1026 3050 1081 3085 er
1121 3035 1282 3086 selbst
1324 3036 1495 3086 dieses

433 3101 878 3168 Mobiliarstiick-(I
894 3103 979 3167 45,
1001 3103 1099 3166 199)
1115 3103 1499 3154 verschleudert

430 3171 598 3231 batte;
644 3170 963 3236 geschweige
997 3171 1134 3221 denn
1169 3171 1290 3222 dass
1325 3186 1381 3221 er
1411 3186 1497 3221 am

382 3232 391 3251 ‘
434 3240 517 3291 ius
540 3247 809 3306 paternum
833 3238 1189 3304 festgehalten.

499 3310 775 3374 recepisse,
798 3307 1082 3372 gleichfalls
1103 3308 1185 3356 ein
1203 3306 1493 3369 juristiscb-

428 3375 748 3426 technischer
757 3375 1031 3426 Ausdruck
1053 3374 1134 3425 fiir
1156 3375 1337 3439 Dinge,
1362 3389 1495 3438 quae

429 3445 483 3493 in
513 3444 894 3496 venditionibus
931 3444 1276 3509 excipiuntur,
1328 3458 1497 3506 neque

430 3521 670 3563 veneunt.
718 3513 845 3577 Top.
870 3509 968 3576 26,
1003 3520 1077 3561 100
1123 3510 1322 3572 fecique
1355 3510 1496 3573 quod

428 3593 587 3644 saepe
611 3579 844 3629 liberales
868 3579 1160 3629 venditores
1195 3578 1387 3639 solent,
1420 3584 1498 3637 ut,

428 3661 548 3696 cum
568 3645 722 3697 aedes
745 3646 1026 3696 fundumve
1044 3646 1381 3708 vendiderint,
1405 3661 1497 3695 ru·-

427 3715 498 3765 tis
531 3714 697 3764 caesis
735 3714 979 3779 receptis,
1012 3715 1294 3764 concedant
1325 3722 1498 3763 tamen

428 3782 625 3847 aliquid
649 3782 892 3848 emptori,
931 3783 1072 3843 quod
1100 3781 1316 3832 ornandi
1339 3795 1497 3832 causa

427 3857 549 3916 apte
574 3858 624 3901 et
643 3851 756 3900 loco
781 3849 1002 3916 positum
1027 3864 1142 3899 esse
1165 3849 1412 3903 videatur.

497 3920 759 3985 nutuquam
780 3922 957 3968 eastra
977 3919 1168 3968 videris
1181 3956 1195 3979 ,
1285 3915 1371 3967 76.
1406 3932 1496 3967 ea-

428 3988 644 4047 lumniae
664 3993 940 4052 quaestum,
963 3984 1040 4035 als
1059 3984 1199 4050 Syke
1273 3994 1378 4045 ant,
1402 3984 1497 4034 der

430 4053 526 4103 das
546 4054 813 4120 Anklagen
837 4053 914 4103 als
932 4052 1218 4103 Handwerk
1236 4053 1366 4102 trieb
1387 4052 1495 4102 und

428 4119 587 4170 daher
610 4130 873 4171 accusator
894 4120 1065 4183 biess,
1101 4121 1135 4183 S
1158 4118 1261 4170 220
1291 4120 1381 4184 (de
1403 4120 1494 4170 off.

414 4188 478 4240 ,11
503 4186 590 4247 14,
609 4185 704 4252 ω).
751 4189 893 4240 Brut.
918 4187 1004 4252 34,
1027 4196 1120 4238 1³0.

1664 2357 1766 2477 ἒξ,
1799 2369 1892 2410 227.
1936 2376 2007 2411 ex
2039 2377 2142 2410 una
2168 2362 2432 2421 contione,
2475 2361 2610 2415 Einl.
2651 2363 2677 2412 1

1604 2428 1636 2491 δ
1730 2465 1745 2490 ,
1770 2437 1819 2478 97
1845 2428 1899 2477 ff.

1668 2497 1947 2553 contentio,
1983 2496 2051 2547 ad
2073 2495 2192 2545 Her.
2219 2497 2289 2545 111
2323 2493 2409 2557 13,
2444 2505 2498 2546 23
2538 2510 2672 2545 con·

1601 2564 1758 2613 tentio
1784 2572 1861 2613 est
1877 2564 2035 2613 oratio
2053 2564 2185 2612 acris
2206 2571 2257 2612 et
2272 2564 2339 2613 ad
2357 2563 2668 2614 confirman-

1602 2631 1723 2682 dum
1768 2639 1819 2680 et
1858 2631 1924 2680 ad
1967 2628 2334 2681 confutandum
2375 2645 2676 2682 accommo-

1601 2699 1738 2749 data.

1668 2767 1949 2826 conditior,
1984 2762 2016 2831 S
2045 2765 2157 2816 112.
2205 2765 2345 2816 Brut.
2370 2763 2465 2828 29,
2490 2774 2568 2833 1¹10
2599 2781 2676 2815 ne

1601 2833 1653 2883 id
1679 2834 2034 2898 quidem'satis
2061 2841 2139 2883 est
2162 2832 2413 2898 (nfimlich
2440 2834 2677 2884 suaviter
2700 2859 2708 2866 ·

1601 2899 1796 2966 dicere)
1829 2902 1928 2950 nisi
1961 2900 2014 2951 id
2047 2902 2184 2965 quod
2219 2900 2404 2951 dicitur
2448 2900 2503 2949 fit
2536 2915 2674 2952 voce

1599 2969 1741 3019 vultu
1765 2978 2009 3031 motuque
2032 2968 2302 3019 conditius.
2336 2967 2419 3030 48,
2445 2977 2536 3018 177.

1598 3105 1643 3153 A
1666 3043 1927 3152 utrugzque
1953 3038 2233 3097 adsentior,
2270 3035 2478 3087 Schultz
2499 3031 2535 3102 S
2558 3036 2669 3088 251

1646 3118 1749 3153 nm.
1815 3138 1830 3153 .

1665 3170 1902 3222 tribuisse
1928 3177 2142 3234 tantum,
2179 3170 2277 3220 wie
2299 3171 2439 3220 Brut.
2465 3168 2528 3220 51
2544 3206 2559 3233 ,
2585 3179 2673 3222 190

1595 3240 1814 3289 faciebat
1845 3239 1931 3288 ille
1964 3240 2171 3302 quidem
2207 3234 2311 3303 (sc.
2340 3236 2546 3303 Caesar)
2580 3239 2668 3288 in-

1598 3321 1749 3372 quam
1798 3313 1849 3356 et
1892 3306 2019 3357 mibi
2064 3307 2441 3364 benevolentia,
2489 3305 2667 3372 crede,

1598 3376 1781 3425 ductus
1804 3375 2057 3425 tribuebat
2080 3375 2251 3424 omnia
2273 3373 2358 3433 21,
2383 3383 2452 3428 84.

1661 3451 1755 3492 228.
1781 3444 2070 3503 inviderem,
2094 3441 2235 3492 Brut.
2259 3440 2343 3504 21,
2368 3450 2419 3490 84
2443 3448 2520 3491 est
2541 3456 2662 3493 mos

1594 3509 1883 3569 hominum,
1910 3520 1967 3561 ut
1991 3510 2153 3559 nolint
2178 3511 2396 3559 eundem
2419 3509 2653 3575 pluribus

1592 3578 1748 3628 rebus
1785 3578 2047 3627 excellere.
2102 3578 2196 3636 sit,
2247 3576 2380 3626 ohne
2413 3577 2531 3627 dass
2571 3577 2656 3626 ein

1595 3643 2006 3695 ausdriickliches
2030 3645 2215 3708 aliquis
2241 3645 2384 3709 notig
2399 3658 2518 3695 war.
2544 3645 2654 3693 An—

1597 3713 1741 3765 dere:
1770 3715 1859 3764 sis.
1886 3740 1949 3749 —-
1970 3714 2314 3777 gravissimum
2347 3720 2444 3762 etc.
2481 3709 2513 3778 S
2535 3710 2649 3762 289.

1664 3790 1758 3831 229.
1795 3782 1906 3846 ipse
1933 3780 2165 3831 Crassus.
2208 3779 2353 3830 Nicht
2374 3781 2488 3846 ipse
2512 3794 2653 3830 muss

1594 3864 1669 3898 we
1709 3848 1858 3898 fallen
1907 3849 2027 3914 (wie
2072 3847 2382 3898 Heni-iclisen
2430 3849 2503 3897 im
2545 3849 2647 3897 An-

1596 3915 1686 3968 sch
1709 3931 1795 3967 uss
1820 3931 1884 3964 an
1911 3917 2076 3980 einige
2093 3915 2182 3966 Hs.
2204 3916 2505 3980 annimmt);
2530 3929 2650 3965 son-

1596 3985 1719 4034 dern
1740 3982 1859 4032 eber
1876 3984 2065 4034 konnte
2082 3998 2201 4033 man
2219 3984 2312 4034 das
2332 3998 2470 4032 nom.
2484 3996 2644 4048 propr.

1598 4050 1894 4102 entbehren.
1942 4052 2198 4102 Antonius
2221 4050 2361 4101 batte
2381 4050 2489 4100 sich
2519 4047 2650 4099 nieht

1596 4119 1758 4169 direct
1776 4133 1843 4167 an
1868 4117 2084 4169 Crassus
2106 4120 2398 4185 gewendet,
2434 4118 2646 4169 sondern

1595 4200 1696 4237 von
1722 4187 1915 4238 diesem
1936 4187 2013 4237 als
2040 4188 2205 4236 einem
2236 4188 2422 4237 dritten
2445 4185 2652 4252 geredet
