2930 4693
283 735 352 787 95

279 1578 348 1630 96

273 2703 342 2756 98

399 221 478 285 38
869 232 878 242 '
1019 218 1117 280 DE
1147 214 1502 280 ORATORE
1530 219 1557 279 l
1603 217 1702 278 21.
1734 226 1804 284 95
1828 255 1892 264 —-
1911 226 1997 280 98.

396 388 525 468 qui'
554 387 879 449 mirabilius
932 395 991 450 et
1029 388 1499 467 magnificentius
1540 407 1758 468 augere
1786 396 1986 470 posset
2016 396 2190 471 atque
2221 408 2434 451 ornare
2464 409 2615 471 quae

396 473 570 534 vellet
620 491 942 554 omnesque
984 475 1246 534 omnium
1285 491 1489 535 rerum
1507 521 1523 546 ,
1574 493 1724 555 quae
1766 474 1840 535 ad
1885 474 2198 536 dicendum
2227 476 2613 555 pertinerent,

396 558 589 619 fontes
619 560 815 619 animo
845 577 914 619 ac
943 560 1229 619 memoria
1257 561 1604 621 contineret.
1665 559 1728 620 ld
1759 561 1811 620 si
1839 566 1928 620 est
1956 560 2196 621 difficile
2225 559 2424 632 nobis,
2456 560 2615 641 quod

396 650 533 704 ante
582 662 758 723 quam
810 643 882 704 ad
934 642 1279 705 discendum
1309 645 1563 723 ingressi
1592 662 1821 716 sumuS,
1867 644 2175 706 obruimur
2204 645 2526 708 ambitione
2555 652 2615 706 et

396 728 553 798 foro,
614 730 691 789 sit
718 736 918 789 tamen
946 729 1009 788 in
1039 747 1106 789 re
1133 730 1390 809 positum
1421 737 1596 809 atque
1625 737 1853 791 natura.
1928 730 2054 809 Ego
2084 732 2274 798 enim,
2327 739 2613 811 quantum

395 830 653 891 auguror
693 816 1033 874 coniectura
1073 821 1407 894 quantaque
1449 816 1688 894 ingenia
1735 817 1800 876 in
1850 817 2066 876 nostris
2116 815 2455 876 hominibus
2485 833 2614 877 esse

393 897 592 968 video,
641 916 760 959 non
802 899 1053 979 despero
1083 899 1213 959 fore
1242 898 1498 979 aliquem
1530 899 1874 981 aliquande,
1918 902 2019 980 qui
2050 907 2110 961 et
2137 900 2331 962 studio
2363 902 2609 972 acriore,

394 1002 569 1064 quam
601 1001 709 1044 nos
737 1003 940 1045 sumus
969 991 1144 1064 atque
1174 984 1420 1055 l'uimuS,
1452 992 1513 1045 et
1541 988 1660 1046 otio
1690 1003 1759 1046 ac
1788 984 2065 1046 facultate
2095 985 2361 1047 discendi
2389 987 2611 1048 maiore

395 1087 463 1129 ac
512 1069 834 1131 maturiore
886 1076 945 1129 et
982 1068 1186 1130 labore
1233 1076 1408 1149 atque
1438 1070 1725 1132 industria
1757 1071 2093 1150 superiore,
2147 1089 2281 1131 cum
2311 1089 2375 1131 se
2404 1071 2479 1132 ad
2509 1089 2610 1132 au·

395 1153 705 1224 diendum,
759 1154 1076 1233 legendum
1125 1153 1623 1236 scribendumque
1654 1155 1912 1227 dederit,
1947 1156 2188 1217 exsistat
2216 1155 2349 1217 talis
2390 1162 2608 1226 orator,

394 1238 625 1319 qualem
678 1240 1043 1319 quaerimus,
1097 1240 1199 1319 qui
1247 1241 1377 1301 iure
1429 1258 1552 1301 non
1579 1239 1770 1301 solum
1812 1240 2095 1313 disertus,
2148 1240 2252 1302 sed
2283 1241 2456 1302 etiam
2489 1239 2608 1302 elo-

393 1342 581 1404 quens
612 1323 727 1385 dici
755 1326 966 1404 possit;
1006 1325 1109 1403 qui
1136 1332 1335 1385 tamen
1364 1343 1500 1387 mea
1528 1327 1816 1387 sententia
1848 1333 1948 1387 aut
1976 1325 2074 1386 hic
2103 1334 2194 1387 est
2220 1327 2339 1388 iam
2369 1326 2612 1388 Crassus

394 1416 518 1480 aut,
574 1411 623 1470 si
672 1411 803 1490 quis
853 1410 983 1490 pari
1033 1410 1213 1471 fuerit
1251 1411 1492 1488 ingenio
1534 1409 1821 1490 pluraque
1850 1428 2027 1490 quam
2056 1411 2155 1472 hic
2185 1418 2245 1471 et
2273 1410 2526 1473 audierit
2554 1418 2613 1471 et

392 1494 670 1555 lectitarit
700 1502 759 1555 et
787 1496 1118 1574 scripserit,
1150 1493 1414 1574 paullum
1443 1495 1585 1556 huic
1611 1495 1828 1576 aliquid
1859 1496 2079 1576 poterit
2108 1495 2345 1558 addere.

559 1579 685 1641 Hoc
712 1578 844 1640 loco
875 1576 1269 1641 SULPmlUs:
1312 1580 1646 1661 Insperanti
1674 1581 1845 1652 mibi,
1887 1582 2111 1662 inquit,
2156 1588 2215 1642 et
2243 1582 2475 1652 Cottae,
2507 1579 2612 1643 sed

393 1663 557 1726 valde
581 1667 806 1745 optanti
826 1666 1061 1745 utrique
1090 1671 1358 1726 nostrum
1380 1665 1609 1737 cecidit,
1636 1668 1785 1726 utin
1806 1667 1984 1727 istum
2009 1684 2363 1738 sermonem,
2384 1664 2608 1737 Crasse,

393 1749 833 1812 delaberemini.
907 1749 1089 1812 Nobis
1142 1751 1301 1811 enim
1352 1751 1470 1812 huc
1522 1750 1888 1812 venientibus
1937 1751 2259 1813 iucundum
2299 1752 2439 1812 satis
2480 1750 2610 1812 fore

390 1834 725 1905 videbatur,
778 1838 857 1905 si,
902 1853 1037 1896 cum
1065 1853 1168 1896 vos
1198 1834 1271 1896 de
1298 1835 1481 1897 rebus
1511 1835 1639 1897 aliis
1665 1834 2085 1916 loqueremini,
2141 1845 2335 1898 tamen
2366 1854 2475 1897 nos
2503 1834 2608 1898 ali-

391 1920 532 1999 quid
579 1940 651 1981 ex
700 1937 976 1981 sermone
1014 1927 1209 1981 vestro
1253 1922 1542 1982 memoria
1582 1920 1825 2000 dignum
1856 1923 2129 2002 excipere
2157 1939 2494 2001 poss'emus;
2543 1928 2611 1982 ut

390 2025 530 2067 vero
581 2007 815 2086 penitus
862 2006 927 2064 in
970 2023 1099 2065 eam
1138 2007 1330 2086 ipsam
1371 2008 1548 2067 totius
1591 2006 1765 2069 huius
1794 2006 1885 2068 vel
1915 2007 2092 2068 studii
2121 2005 2212 2067 vel
2241 2006 2473 2067 artificii
2516 2004 2608 2066 vel

390 2090 683 2151 facultatis
732 2090 1185 2170 disputationem
1236 2108 1425 2171 paene
1463 2092 1734 2152 intimam
1773 2093 2052 2153 veniretis
2073 2139 2089 2162 ,
2140 2092 2236 2153 vix
2286 2089 2609 2170 optandum

388 2174 561 2237 nobis
601 2175 922 2236 videbatur.
993 2175 1117 2254 Ego
1160 2177 1315 2236 enim
1334 2223 1348 2247 ,
1390 2177 1493 2255 qui
1520 2175 1593 2236 ab
1621 2178 1864 2237 ineunte
1893 2184 2082 2237 aetate
2109 2178 2388 2238 incensus
2418 2193 2607 2237 essem

388 2260 579 2323 studio
630 2262 935 2341 utriusque
987 2268 1273 2332 vestrum,
1325 2260 1521 2323 Crassi
1568 2278 1708 2323 vero
1753 2263 1929 2323 etiam
1971 2280 2200 2334 amore,
2254 2280 2389 2322 cum
2432 2261 2505 2322 ab
2538 2278 2607 2321 eo

389 2365 676 2426 nusquam
718 2345 1110 2419 discederem,
1166 2345 1411 2408 verbum
1455 2366 1528 2408 ex
1559 2366 1628 2409 eo
1660 2366 1979 2428 numquam
2011 2346 2226 2409 elicere
2255 2348 2421 2428 potui
2450 2346 2524 2408 de
2552 2346 2637 2407 vi'

388 2449 456 2493 ac
487 2433 714 2493 ratione
758 2431 1022 2504 dicendi,
1067 2451 1202 2493 cum
1243 2439 1303 2493 et
1342 2450 1452 2513 per
1481 2440 1703 2494 memet
1729 2435 1920 2514 ipsum
1952 2434 2199 2512 egissem
2234 2440 2293 2493 et
2319 2450 2429 2513 per
2458 2432 2607 2493 Dru-

387 2536 518 2579 sum
568 2536 743 2597 saepe
772 2525 1180 2598 temptassem;
1241 2536 1358 2598 quo
1399 2519 1460 2578 in
1504 2536 1723 2597 genere
1763 2526 1855 2591 tu,
1907 2518 2127 2580 Antoni
2170 2517 2324 2598 (vere
2354 2517 2604 2599 loquar),

387 2621 707 2683 numquam
736 2604 884 2664 mihi
912 2605 1287 2683 percontanti
1329 2613 1431 2664 aut
1474 2605 1783 2684 quaerenti
1825 2604 2044 2685 aliquid
2089 2603 2327 2666 defuisti
2370 2611 2429 2664 et
2470 2621 2605 2684 per-

386 2706 563 2769 saepe
629 2706 725 2749 me
770 2707 919 2769 quae
981 2688 1203 2750 soleres
1256 2690 1320 2749 in
1377 2688 1628 2751 dicendo
1682 2688 1995 2749 observare
2060 2689 2328 2750 docuisti.
2417 2688 2602 2757 Nunc,

385 2774 662 2853 quoniam
703 2781 954 2854 uterque
996 2781 1255 2835 vestrum
1298 2773 1576 2853 patefecit
1607 2792 1810 2834 earum
1839 2775 2101 2853 ipsarum
2130 2792 2332 2835 rerum
2362 2773 2602 2844 aditum,
2644 2815 2647 2824 ,

385 2878 529 2939 quas
572 2861 933 2939 quaerimuS,
982 2866 1041 2919 et
1082 2860 1361 2939 quoniam
1404 2861 1684 2939 princeps
1715 2860 1959 2920 Crassus
2004 2861 2129 2920 eius
2172 2859 2463 2920 sermonis
2506 2877 2604 2919 or-

384 2944 586 3022 diendi
613 2943 748 3014 fuit,
803 2944 937 3004 date
969 2943 1139 3004 nobis
1168 2944 1321 3004 hanc
1351 2946 1581 3005 veniam
1604 2992 1619 3014 ,
1661 2951 1729 3005 ut
1758 2962 1854 3013 ea,
1899 2962 2049 3023 quae
2078 2944 2310 3005 sentitis
2341 2943 2413 3004 de
2443 2944 2604 3006 omni

384 3046 602 3106 genere
647 3027 897 3098 dicendi,
944 3028 1236 3089 subtiliter
1280 3030 1735 3109 persequamini.
1826 3028 1993 3099 Quod
2038 3029 2275 3109 quidem
2322 3031 2374 3091 si
2415 3030 2527 3090 erit
2570 3046 2601 3088 a

382 3113 546 3175 vohis
590 3114 967 3193 impetratum
991 3161 1008 3185 ,
1053 3131 1328 3193 magnam
1392 3113 1657 3186 habebo,
1711 3115 1946 3184 Crasse,
1993 3113 2129 3175 huic
2160 3114 2499 3214 palaestrae
2546 3120 2605 3173 et

383 3196 714 3260 Tusculano
746 3205 845 3260 tuo
870 3199 1120 3279 gratiam
1151 3206 1210 3260 et
1251 3198 1426 3278 longe
1455 3198 1806 3261 Academiae
1849 3197 1934 3258 illi
1979 3217 2047 3260 ac
2076 3199 2254 3280 Lycio
2287 3206 2451 3261 tuum
2487 3198 2602 3259 hoc

382 3282 784 3345 suburbanum
812 3287 1177 3365 gymnasium
1207 3292 1580 3365 anteponam.

381 3439 500 3488 boni
520 3437 712 3501 aliquid
727 3438 1443 3504 attulimusinventutimayni-
1542 3436 1908 3503 Belehruug
1930 3436 2453 3503 auszusprechen
2478 3436 2602 3488 und

374 3507 607 3570 licentius
641 3521 790 3568 quam
824 3506 987 3556 fuerat
1027 3521 1191 3572 genus
1237 3506 1440 3556 dicendi
1543 3506 1651 3556 mit
1677 3506 1860 3558 Cotta
1891 3521 1986 3556 um
2020 3507 2273 3556 weitere
2296 3504 2599 3556 Fortfiih-

381 3584 429 3624 et
454 3575 699 3624 ornatius.
1541 3589 1703 3639 rung
1734 3574 1842 3625 des
1866 3573 2127 3625 Themas
2162 3591 2235 3625 zu
2271 3574 2483 3624 bitten
2516 3572 2597 3632 21,
2636 3577 2641 3578 ’

444 3644 709 3703 memoria,
746 3642 928 3693 sodass
963 3643 1039 3692 sie
1061 3641 1168 3692 ihm
1192 3640 1323 3692 auch
1345 3642 1440 3691 im-
1541 3643 1751 3701 96-22,
1776 3651 1867 3693 101.

360 3726 488 3770 ,mer
509 3711 853 3776 &egenwfifflg
875 3711 1033 3760 ΒΘῙΘΠ·
1610 3736 1677 3777 97.
1716 3727 1829 3792 Eyo
1855 3729 2000 3777 enim.
2046 3727 2176 3780 Eiul.
2204 3729 2225 3777 1
2251 3725 2283 3790 5
2310 3725 2388 3785 12,
2415 3735 2506 3777 135.

443 3786 562 3829 ante
587 3788 680 3829 etc.
705 3780 737 3840 S
762 3776 844 3828 78·
867 3847 878 3859 ⁶
1032 3847 1044 3859 .
1610 3797 1794 3846 elicere
1817 3796 1912 3844 wie
1938 3797 1983 3845 ΙΙ
2007 3793 2056 3858 3,
2084 3804 2148 3847 13.

442 3856 512 3897 95.
537 3846 1098 3897 AuchAntomusweist
1114 3844 1437 3909 amSchluss,
1607 3881 1670 3930 de
1694 3881 1744 3930 m·
1764 3896 1828 3930 ac
1848 3882 2052 3930 ratione
2085 3881 2118 3943 s
2148 3880 2225 3931 17·
2258 3896 2359 3945 per
2380 3881 2599 3930 Dm

376 3914 470 3963 wie
495 3915 625 3964 oben
653 3914 893 3972 Crassus,
919 3914 1011 3965 auf
1032 3916 1113 3965 die
1140 3913 1436 3979 zukfinftige
1537 3948 1645 3997 Em!
1693 3949 1714 3997 Ι
1737 3948 1770 4010 s
1793 3949 1860 3998 22
1899 3958 1973 3998 211

375 3981 811 4047 Verwirklichung
822 3983 988 4034 dieses
1002 3981 1164 4032 Ideals
1177 3996 1292 4034 vom
1305 3982 1437 4033 Red-
1653 3982 1667 3997 ⁰
1736 4033 1747 4045 ‚
1862 3987 1876 4012 '
1979 3984 1994 3999 “

379 4064 468 4098 ner
491 4048 570 4113 (d.
599 4048 647 4098 h.
674 4051 766 4099 aui*
787 4048 987 4116 Cicero)
1013 4050 1119 4101 hin.
1292 4051 1298 4056 '
1606 4048 1703 4098 9¹⁴⁰
1726 4049 1779 4083 ²⁷²
1798 4048 1959 4098 987187·
1960 4049 2014 4096 e,
2038 4029 2070 4099 S
2094 4031 2179 4084 58·
2619 4085 2627 4092 -

443 4125 509 4166 96.
569 4116 693 4164 Den
742 4116 1132 4183 Ruhepunkt
1172 4120 1436 4169 benutzt
1602 4127 1667 4167 98.
1702 4114 2125 4183 princeps‚S29.
2163 4120 2283 4169 date
2308 4118 2599 4170 nobishanc'

377 4183 745 4248 Sulpicius,
804 4187 981 4235 seine
1029 4186 1154 4235 und
1215 4186 1432 4236 Cottas
1533 4186 1749 4243 veniam,
1784 4181 1957 4250 3163.
2007 4186 2154 4236 Corn.
2190 4186 2317 4251 Nep.
2354 4189 2505 4238 Paus.
2542 4188 2592 4236 4.

375 4252 617 4303 Frende
663 4252 815 4300 iiber
871 4253 972 4302 die
1013 4253 1430 4305 unverhosfte
1532 4253 1783 4305 subtiliter
1810 4255 1895 4303 ‘im
1920 4254 2117 4304 Detail'.
