2930 4693
411 153 531 215 112
1034 144 1132 209 DE
1163 141 1520 211 ORATORE
1546 143 1600 206 11
1635 144 1732 206 10.
1762 150 2000 203 39-41,

409 336 480 378 eo
509 316 761 378 iudicari
788 321 1012 396 potest.
1045 331 1179 376 cum
1210 314 1458 384 videris,
1517 312 1656 394 quid
1690 329 1958 393 quaeque
1988 311 2270 383 doceant‚-
2291 320 2489 377 tamen
2520 314 2639 376 hoc

409 402 629 462 certius
659 399 806 463 nihil
838 418 966 472 esse
1007 405 1232 480 potest,
1281 417 1487 479 quam,
1540 397 1698 478 quod
1740 415 1948 459 omnes
1990 405 2146 459 artes
2176 397 2323 460 aliae
2353 399 2480 459 sine
2512 399 2636 458 elo-

408 486 648 566 quentia
677 494 849 554 suuni
868 502 1094 549 munus
1122 489 1426 563 praestare
1455 490 1719 582 possunt,
1752 488 1954 544 orator
1976 483 2105 544 sine
2127 501 2195 543 ea
2220 501 2437 544 nomen
2462 502 2636 544 suum

410 568 680 630 obtinere
710 587 828 630 non
860 575 1083 649 potest,
1135 574 1202 628 ut
1230 568 1440 634 ceteri,
1489 568 1540 626 si
1582 567 1788 627 diserti
1827 566 1975 638 sint,
2007 565 2246 665 ‘aliquid
2279 566 2351 628 ah
2383 568 2498 628 hoc
2528 568 2632 628 ha·

411 652 639 729 beant,
656 654 796 723 hic,
850 654 962 713 nisi
1006 651 1344 713 domesticis
1384 669 1447 712 se
1477 652 1829 714 instruxerit
1872 651 2083 730 copiis,
2130 650 2366 712 aliunde
2398 650 2636 712 dicendi

411 739 643 817 copiam
672 745 876 817 petere
907 754 1027 797 non
1057 738 1262 815 possit.

242 818 321 893 10
344 829 413 882 39
572 823 725 883 Tum
756 819 1104 889 CA'rULns,
1136 820 1279 891 Etsi,
1310 820 1531 900 inquit,
1552 819 1788 890 Antoni,
1829 820 2075 880 minime
2102 820 2516 900 impediendus
2546 829 2639 882 est

408 904 882 986 interpellatione
921 906 1031 965 iste
1062 923 1270 966 cursus
1310 905 1595 965 orationis
1642 910 1806 972 tuae,
1858 905 2087 982 patiere
2128 912 2325 966 tamen
2370 906 2636 985 mihique

407 991 698 1069 ignosces·
760 990 917 1053 ‘Non
948 990 1105 1049 enim
1146 1007 1419 1069 possum,
1468 990 1612 1069 quin
1643 986 1968 1049 exclamem
1983 992 2027 1058 ,⁹
2076 997 2143 1050 ut
2171 990 2251 1049 ait
2280 987 2378 1049 ille
2407 990 2470 1050 in
2502 991 2637 1051 Tri-

412 1092 685 1145 nummo;
737 1074 818 1133 ita
852 1075 1107 1134 oratoris
1152 1073 1297 1133 mihi
1339 1074 1458 1135 vim
1501 1091 1636 1134 cum
1673 1073 2007 1153 exprimere
2038 1071 2332 1135 subtiliter
2361 1075 2521 1135 visus
2550 1094 2632 1144 eS,

410 1165 534 1219 tum
564 1157 806 1218 laudare
837 1159 1269 1237 copiosissime;
1300 1156 1461 1237 quod
1492 1157 1730 1238 quidem
1762 1156 2141 1235 eloquentem
2169 1156 2259 1218 vel
2292 1159 2515 1237 optime
2545 1160 2635 1219 fa-

409 1260 547 1303 cere
577 1249 841 1321 oportet,
871 1249 939 1302 ut
968 1242 1361 1322 eloquentiam
1392 1240 1622 1311 lauden
1678 1241 1855 1302 dehet
1894 1243 2051 1302 enim
2098 1241 2173 1317 ad
2215 1260 2345 1302 eam
2387 1241 2635 1304 laudan-

410 1326 544 1387 dam
573 1327 762 1406 ipsam
802 1324 963 1386 illam
994 1326 1308 1403 adhihere,
1372 1345 1550 1406 quam
1592 1324 1807 1387 laudat.
1870 1325 1987 1386 Sed
2027 1343 2213 1405 perge
2259 1344 2470 1406 porro;
2525 1326 2637 1387 tihi

410 1412 568 1471 enim
599 1410 927 1481 adsentior,
982 1418 1241 1479 vestrum
1275 1428 1403 1471 esse
1432 1411 1549 1471 hoc
1587 1417 1776 1471 totum
1820 1408 2040 1472 diserte
2083 1410 2312 1481 dicere,
2363 1409 2543 1491 idque
2582 1413 2635 1471 si

409 1496 542 1575 quis
571 1496 633 1555 in
664 1493 776 1556 alia
807 1502 935 1556 arte
964 1495 1171 1566 faciat,
1220 1513 1356 1556 eum
1387 1495 1698 1575 adsumpto
1727 1492 1966 1555 aliunde
1994 1496 2082 1555 uti
2110 1493 2297 1565 hone,
2342 1513 2464 1555 non
2492 1514 2633 1575 pro-

405 1581 540 1659 prio
570 1598 681 1641 nec
711 1598 838 1641 suo.

310 1671 379 1721 40
577 1665 652 1725 Et
682 1662 1029 1737 CRASSUS,
1078 1662 1208 1726 Nox
1238 1672 1324 1735 te,
1368 1665 1587 1744 inquit,
1621 1662 1820 1733 nohis,
1851 1662 2101 1734 Antoni,
2134 1662 2413 1743 expolivit
2441 1664 2634 1725 homi-

149 1716 243 1799 Χ
407 1766 662 1828 nemque
695 1748 969 1810 reddidit.
1013 1713 1171 1809 ’Nam
1200 1749 1484 1810 hesterno
1515 1766 1793 1810 sermone
1823 1749 1998 1808 unius
2030 1748 2335 1809 cuiusdam
2366 1750 2631 1828 ‘operisss

407 1839 473 1892 ut
512 1833 591 1892 ait
634 1832 949 1901 CaeciliuS,
1003 1834 1314 1911 ‘remigem
1346 1832 1601 1911 aliquem
1644 1839 1745 1893 aut
1785 1829 2073 1893 baiulum'
2115 1831 2289 1892 nohis
2332 1839 2631 1894 oratorem

408 1915 837 1994 descripseras,
868 1917 1110 1996 inopem
1139 1916 1435 1996 quendam
1464 1916 1846 1985 humanitatis
1876 1922 2051 1996 atque
2080 1915 2459 1977 inurbanum.
2653 1947 2658 1951 ·

573 1999 723 2059 Tum
755 1998 1154 2070 ANTONIUS,
1206 2000 1350 2060 Heri
1382 2003 1569 2071 enim,
1601 2001 1824 2080 inquit,
1857 2001 1972 2060 hoc
2002 2001 2151 2061 mihi
2178 2019 2630 2081 proposueram,
2685 2024 2692 2030 ·

402 2089 497 2154 ut,
549 2084 600 2143 si
627 2089 686 2142 te
715 2081 1094 2154 refellissem,
1136 2082 1247 2144 hos
1277 2084 1382 2145 ahs
1412 2091 1471 2144 te
1501 2083 1819 2164 discipulos
1848 2083 2237 2154 abducerem;
2289 2103 2476 2158 nunc,
2523 2087 2631 2149 Ca-

406 2166 529 2229 tulo
560 2167 835 2229 audiente
867 2176 925 2229 et
954 2169 1234 2246 Caesare,
1286 2167 1492 2228 videor
1542 2167 1760 2229 debere
1801 2186 1923 2230 non
1963 2176 2084 2251 tam
2125 2187 2393 2250 pugnare
2435 2178 2630 2233 tecum

408 2271 583 2332 quam
615 2251 755 2332 quid
784 2254 911 2331 ipse
942 2254 1193 2314 sentiam
1227 2252 1442 2314 dicere.

308 2344 372 2394 41
575 2336 854 2416 Sequitur
882 2339 1093 2416 igitur,
1145 2339 1423 2418 quoniam
1453 2337 1626 2399 nohis
1666 2344 1756 2399 est
1785 2337 1910 2414 hic,
1957 2337 2030 2398 de
2060 2358 2179 2419 quo
2208 2336 2536 2420 loquimur,
2568 2340 2631 2402 in

402 2421 532 2481 foro
564 2428 739 2501 atque
781 2424 842 2482 in
885 2422 1072 2485 oculis
1113 2424 1328 2483 civium
1367 2423 1842 2494 constituendus,
1889 2430 1954 2483 ut
1998 2424 2327 2493 videamus,
2388 2424 2531 2505 quid
2577 2427 2632 2486 ei

401 2506 623 2584 negotii
654 2505 861 2568 demus
891 2509 1103 2588 cuique
1135 2525 1269 2568 eum
1299 2510 1536 2568 muneri
1564 2505 1810 2569 velimus
1840 2526 1968 2568 esse
1997 2509 2419 2588 praepositum
2482 2510 2629 2570 Nam

401 2591 647 2652 Crassus
675 2590 822 2663 heri,
863 2610 1009 2665 cum
1030 2612 1147 2660 vos,
1181 2591 1381 2654 Catule
1413 2598 1473 2653 et
1502 2592 1732 2663 Caesar,
1767 2610 1887 2653 non
1919 2592 2231 2661 adessetis,
2266 2594 2464 2671 posuit
2491 2593 2629 2654 hre-

399 2675 547 2735 viter
575 2677 639 2736 in
669 2669 811 2737 artis
839 2675 1255 2746 distributione
1297 2676 1488 2748 idem,
1533 2677 1692 2757 quod
1723 2677 1934 2738 Graeci
1972 2675 2243 2757 plerique
2282 2689 2628 2756 posuerunt,

400 2776 594 2838 neque
624 2777 766 2819 sane
796 2761 981 2840 quid
966 2779 1092 2840 ipse
1123 2763 1396 2831 sentiret,
1441 2761 1545 2823 sed
1576 2760 1717 2840 quid
1759 2759 1832 2821 ab
1864 2760 1979 2821 illis
2011 2761 2309 2822 diceretur
2339 2762 2625 2824 ostendit.

401 2842 516 2902 duo
546 2844 738 2923 prima
768 2861 990 2922 genera
1019 2846 1431 2924 quaestionum
1462 2864 1619 2915 esse,
1657 2847 1719 2905 in
1750 2845 1965 2927 quihus
1995 2844 2330 2925 eloquentia
2358 2865 2626 2908 versare·
2672 2908 2685 2918 ,

467 3062 711 3121 doceant,
748 3061 1005 3112 vielleicht
1027 3063 1233 3113 besser:
1262 3064 1459 3126 doceat,

400 3128 510 3178 weil
534 3130 782 3193 cuiusque
798 3129 1124 3195 vorausgeht‚
1149 3146 1297 3181 wenn
1324 3131 1461 3181 nicht

397 3205 519 3247 statt
540 3210 772 3261 quaeque
799 3197 927 3247 nach
950 3197 1030 3248 hs.
1053 3197 1251 3263 Spuren
1270 3200 1460 3263 quique

399 3265 496 3327 (sc.
521 3263 766 3328 artifices)
796 3282 858 3316 zu
885 3266 1025 3316 lesen
1051 3267 1134 3317 ist.

463 3335 668 3393 certius,
687 3341 759 3392 ut,
780 3333 864 3384 ad.
887 3337 991 3385 Att.
1009 3334 1058 3383 X
1075 3333 1125 3396 4,
1154 3342 1178 3383 8
1196 3333 1323 3384 nihil
1344 3348 1458 3384 esse

396 3402 582 3451 certius
607 3415 763 3464 quam
786 3409 843 3451 ut
854 3415 1031 3453 omnes
1054 3401 1456 3452 restituerentur.

466 3466 546 3530 10,-
572 3477 641 3520 ³9.
676 3472 732 3522 in
760 3470 1071 3526 Trinummo.
1098 3469 1188 3518 der
1210 3469 1456 3520 Komiidie

393 3536 487 3586 des
510 3535 742 3587 Dichters
761 3538 817 3587 T.
831 3537 897 3586 Μ.
918 3536 1146 3598 Plautus,
1173 3537 1254 3586 die
1279 3537 1453 3587 diesen

393 3603 520 3654 Titel
555 3602 717 3666 fiihrt,
754 3605 897 3667 1112,
924 3610 1001 3665 82,
1043 3620 1122 3654 wo
1156 3604 1247 3653 der
1270 3604 1456 3654 Sklave

394 3670 649 3722 Stasimus
663 3672 763 3721 den
773 3671 1023 3736 Lysiteles
1044 3673 1114 3721 im
1133 3671 1271 3720 Eifer
1289 3672 1456 3721 seiner

393 3739 535 3789 Rede
568 3738 664 3787 mit
688 3739 867 3789 diesen
892 3738 1102 3789 Worten
1141 3736 1456 3788 unterbricht

392 3805 500 3855 und
517 3804 647 3855 noch
666 3804 961 3870 hinzuffigt.
985 3820 1129 3870 euge,
1144 3808 1290 3869 euge,
1302 3806 1453 3870 Lysi-

393 3872 521 3924 teles
544 3862 721 3925 πάλιν
743 3871 821 3939 (d.
833 3874 870 3923 i.
892 3866 959 3923 da
975 3872 1131 3938 capo)
1155 3873 1321 3922 Facile
1340 3873 1451 3937 pal-

395 3954 531 3990 mam
554 3939 742 4004 habes3
769 3941 853 3991 hie
877 3942 1060 3991 victus.
1099 3941 1234 3989 Vicit
1259 3947 1345 3989 tua
1369 3954 1454 3989 co-

393 4008 614 4057 moedia.
638 4006 730 4057 Hic
748 4010 857 4073 agit
873 4010 1039 4073 magis
1059 4023 1126 4057 ex
1139 4009 1455 4071 argumente,

402 4084 454 4123 et
475 4076 657 4123 versus
678 4075 916 4125 meliores
941 4074 1082 4125 facit.

458 4147 529 4188 40.
576 4142 751 4202 operis
795 4141 830 4190 Γ
865 4141 951 4203 18,
987 4150 1062 4198 833
1104 4140 1200 4206 62,
1226 4150 1321 4193 263.
1384 4141 1455 4192 So

1564 3065 1684 3115 sind
1718 3063 1848 3113 auch
1874 3064 2013 3115 Brut.
2041 3063 2133 3126 73,
2159 3074 2236 3116 25⁷
2269 3065 2486 3130 operarii
2520 3066 2629 3117 und

1563 3132 1722 3182 baiuli
1749 3132 1846 3181 den
1871 3133 2103 3197 wenigen
2120 3132 2324 3182 wahren
2337 3133 2627 3195 Kiinstlern,

1564 3227 1628 3237 —
1650 3200 1733 3250 die
1753 3199 2100 3250 Steinmetzen
2120 3200 2220 3250 den
2240 3200 2545 3251 Bildhauern
2576 3217 2625 3251 u.

1563 3268 1647 3316 die
1680 3267 2037 3317 Weissbinder
2072 3269 2170 3317 den
2204 3267 2396 3328 Malern
2424 3295 2488 3304 -
2513 3277 2625 3318 ent-

1562 3343 1941 3400 gegengesetzt.

1628 3410 1696 3451 41.
1733 3404 1797 3452 Α.
1840 3400 2043 3451 Leh‘re
2085 3417 2207 3453 von
2250 3402 2360 3453 der
2400 3404 2628 3453 inven-

1559 3470 1684 3528 tio,
1745 3470 1875 3521 ,die
1941 3469 2185 3519 wieder
2252 3469 2451 3520 durch
2522 3470 2629 3522 die

1558 3535 1779 3586 rechte
1826 3537 2227 3588 Erkenutnis
2273 3537 2379 3587 der
2424 3536 2626 3588 Gren-

1561 3619 1672 3653 zen
1716 3605 1824 3653 des
1868 3604 2320 3654 oratorisehen
2356 3604 2620 3656 Gebiets

1559 3672 1682 3721 und
1724 3672 1831 3720 der
1869 3670 2118 3721 wahren
2152 3672 2456 3737 Aufgabe
2511 3674 2622 3723 des

1558 3738 1848 3789 Redners
1924 3739 2195 3804 bedingt
2261 3740 2351 3789 ist
2429 3754 2472 3789 c.
2543 3739 2622 3798 10,

1569 3804 1779 3867 41-76,
1805 3814 1900 3855 307.

1624 3874 1761 3935 heri,
1801 3872 1935 3930 131,
1966 3881 2040 3923 138
2065 3872 2119 3925 ff.
2147 3876 2340 3937 posuit,
2379 3876 2401 3924 I
2427 3873 2508 3935 15,
2542 3882 2620 3933 653

1560 3939 1745 4002 11136,
1773 3949 1864 3990 145.
1912 3942 2011 3992 duo
2032 3957 2244 4006 genera,
2281 3941 2414 3991 Einl.
2443 3943 2487 3991 11
2512 3937 2544 4007 S
2567 3942 2619 4000 2,

1556 4007 2415 4204 Ξέρῇνέια,Τιινοι5Ηει2ιὲιιςιιιιιιηςοιι
2433 4076 2530 4125 wie
2547 4076 2621 4126 III

1845 4156 1909 4207 op
2409 4187 2416 4192 .
