2930 4693
902 193 1000 255 DE
1031 192 1388 256 ORATORE
1416 194 1470 255 Π
1516 191 1617 253 20.
1648 199 1734 252 86.
1763 200 1851 253 87.
2373 204 2495 267 125

252 363 495 424 efficere
547 364 734 443 possit
784 370 920 424 ante
970 364 1347 444 perspiciam.
1420 364 1509 426 Sit
1562 364 1719 425 enim
1772 365 1919 426 mihi
1976 368 2200 443 tinctus
2248 367 2489 442 litteris;

253 448 509 509 audierit
551 447 800 528 aliquid,
847 447 1086 527 legerit,
1119 451 1246 509 ista
1288 451 1415 530 ipsa
1455 455 1774 530 praecepta
1817 453 2142 532 acceperit:
2190 455 2490 534 temptabo

206 548 209 549 ⁷
252 532 395 614 quid
427 532 662 604 deceat,
695 532 835 613 quid
869 551 1025 603 voce,
1058 533 1199 614 quid
1229 534 1478 605 viribuS,
1513 535 1655 614 quid
1684 536 1924 615 spiritu,
1959 537 2101 615 quid
2130 537 2332 616 lingua
2363 540 2489 600 effi-

253 636 392 697 cere
420 619 624 696 possit.
686 619 749 679 Si
778 616 1118 697 intellegam
1148 637 1322 700 posse
1351 620 1426 680 ad
1468 637 1732 681 summos
1760 622 2268 699 pervenire‚·non
2298 622 2487 685 solum

253 700 568 773 hortabor,
600 710 667 762 ut
696 701 989 774 elaboret,
1023 703 1126 766 sed
1160 705 1366 774 etiam,
1400 705 1451 764 si
1482 706 1571 764 vir
1600 723 1833 784 quoque
1864 704 2056 766 bonus
2086 708 2234 768 mihi
2265 707 2487 768 videbi-

251 794 351 848 tur
381 804 539 857 esse,
585 786 930 849 obsecrabo.
992 788 1246 849 Tantum
1280 807 1390 867 ego
1420 790 1483 849 in
1526 788 1852 850 excellente
1895 797 2133 852 oratore
2177 799 2236 853 et
2277 791 2488 853 eodem

250 871 409 932 bono
450 873 577 931 viro
618 891 777 953 pono
820 891 949 934 esse
992 875 1326 935 ornamenti
1366 876 1675 936 universae
1723 876 1960 937 civitati.
2028 876 2133 936 Sin
2174 876 2485 948 videbitur,

251 975 388 1017 cum
421 958 615 1017 omnia
647 976 876 1018 summa
908 957 1146 1027 fecerit,
1191 966 1390 1018 tamen
1420 958 1494 1019 ad
1526 959 1858 1020 mediocres
1887 967 2155 1022 oratores
2187 979 2315 1022 esse
2345 980 2485 1021 ven-

248 1049 446 1111 turus,
489 1044 830 1121 permittam
870 1044 981 1122 ipsi
1024 1043 1163 1123 quid
1194 1042 1366 1112 velit;
1410 1042 1695 1105 molestus
1736 1063 1951 1123 magno
1984 1063 2165 1124 opere
2196 1065 2316 1107 non
2359 1065 2484 1106 ero.

250 1127 355 1187 Sin
384 1125 561 1205 plane
591 1126 938 1188 abhorrebit
969 1135 1027 1188 et
1057 1129 1171 1189 erit
1201 1127 1519 1197 absurduS,
1566 1135 1634 1189 ut
1663 1147 1727 1189 se
1757 1131 2059 1191 contineat
2089 1139 2189 1191 aut
2218 1130 2292 1192 ad
2324 1130 2484 1192 aliud

248 1210 509 1272 studium
543 1211 887 1282 transferat,
933 1211 1283 1274 admonebo.
1343 1213 1494 1274 Nam
1525 1232 1718 1293 neque
1760 1217 1839 1285 is,
1887 1217 1987 1294 qui
2018 1217 2240 1295 optime
2269 1222 2481 1296 potest,
2514 1221 2584 1274 86

249 1293 614 1356 deserendus
641 1295 762 1357 ullo
793 1297 968 1357 modo
1001 1305 1090 1358 est
1117 1317 1151 1359 a
1181 1297 1590 1359 cohortatione
1621 1305 1854 1370 nostra,
1901 1317 2091 1380 neque
2119 1301 2200 1372 is,
2245 1303 2346 1381 qui
2377 1300 2483 1361 ali-

246 1380 389 1461 quid
430 1387 661 1459 potest,
718 1380 1143 1443 deterrendus:
1199 1383 1354 1462 quod
1407 1383 1689 1454 alterum,
1742 1401 1862 1443 non
1915 1383 2113 1444 facere
2157 1386 2312 1464 quod
2361 1403 2482 1446 non

245 1466 472 1544 optime
500 1467 718 1544 possiS,
766 1466 1083 1527 divinitatis
1124 1468 1272 1528 mihi
1315 1468 1622 1529 cuiusdam
1651 1467 1909 1538 videtur,
1956 1467 2237 1539 alterum,
2285 1471 2483 1531 facere

246 1550 408 1630 quod
439 1568 557 1611 non
587 1552 843 1631 pessime
872 1551 1068 1622 facias,
1100 1554 1516 1622 humanitati33
1564 1554 1803 1613 tertium
1834 1571 1973 1614 vero
2002 1552 2146 1614 illud
2164 1600 2179 1623 ,
2224 1554 2484 1615 clamare

246 1641 457 1696 contra
487 1654 662 1715 quam
695 1636 902 1697 deceat
932 1644 990 1698 et
1020 1633 1195 1716 quam
1227 1639 1440 1717 possit,
1474 1638 1730 1699 hominis
1762 1644 1852 1698 est
1891 1636 1985 1718 (ut
2015 1642 2106 1708 tu,
2140 1637 2371 1708 Catule,
2406 1638 2481 1699 de

244 1719 500 1799 quodam
543 1718 863 1781 clamatore
905 1719 1172 1804 dixisti),
1226 1721 1507 1784 stultitiae
1548 1739 1688 1783 suae
1739 1740 1917 1802 quam
1957 1721 2245 1802 plurimos
2299 1729 2477 1784 testes

246 1804 570 1865 domestico
599 1808 922 1885 praeconio
965 1806 1313 1886 colligentis,
1389 1807 1474 1868 De
1504 1808 1618 1868 hoc
1660 1808 1869 1886 igitur,
1912 1810 2015 1887 qui
2056 1807 2169 1868 erit
2210 1807 2369 1879 talis,
2416 1812 2481 1867 ut
2509 1807 2577 1859 8⁷

241 1973 294 2035 5,
327 1983 378 2023 21
428 1988 532 2042 ego·
559 1986 699 2036 vero,
736 1975 961 2041 inquam,
997 1977 1043 2027 si
1076 1982 1308 2043 potuero,

243 2041 429 2092 faciam
454 2042 602 2092 vobis
627 2044 772 2094 satis.

314 2111 499 2160 linctus
521 2112 731 2170 litteris,
768 2111 912 2163 Brut.
938 2109 1034 2176 58,
1062 2120 1136 2162 211
1171 2112 1308 2163 illam

243 2175 356 2242 (die
389 2177 606 2228 Tochter
637 2179 728 2228 des
762 2178 967 2243 Lalius)
1001 2180 1162 2245 patris
1202 2182 1304 2231 ele·

243 2246 418 2310 gantia
441 2247 650 2295 tinctam
673 2247 915 2297 vidimus.

311 2315 437 2380 quid
457 2316 640 2365 deceat
660 2341 729 2351 —
752 2315 888 2367 steht
910 2316 986 2366 als
1011 2316 1104 2366 das
1129 2316 1307 2366 Wich-

240 2383 397 2447 tigste
418 2397 574 2433 voran
602 2381 653 2447 (Ι
678 2382 772 2444 29,
800 2382 930 2450 132),
967 2385 1050 2434 die
1074 2384 1306 2450 Priifung

242 2449 491 2509 nae‘imlich,
529 2452 593 2501 ob
617 2451 732 2513 der,
768 2452 985 2502 welcher
1008 2452 1308 2503 demniichst

241 2518 319 2568 als
340 2517 654 2570 offentlicher
664 2520 866 2570 Redner
877 2520 1194 2570 aufzutreten
1217 2537 1305 2587 ge-

242 2587 418 2645 denkt,
445 2585 537 2635 das
557 2586 915 2637 erforderliche
939 2588 1196 2649 decorum,
1223 2590 1306 2638 ein

243 2653 625 2719 empfehlendes
667 2656 946 2713 Aeussere,
991 2655 1301 2704 natiirlicheu

240 2721 476 2771 Anstand
509 2724 613 2773 und
663 2724 776 2772 eine
808 2722 1050 2787 geffillige
1083 2722 1306 2788 Haltung

243 2790 457 2840 besitze.

312 2860 361 2907 si
380 2859 461 2909 vir
482 2857 642 2909 bonus
665 2885 730 2893 —
754 2873 901 2907 wenn
927 2874 994 2908 zu
1018 2857 1107 2907 der
1134 2860 1302 2907 natiir-

244 2924 413 2976 lichen
438 2926 781 2977 oratorischen
807 2926 1092 2991 Begabung
1124 2927 1206 2975 die
1242 2942 1308 2976 zu

242 2995 384 3043 einer
415 2994 809 3058 segensreichen
833 2995 1203 3044 Vl'irksamkeit
1236 2995 1306 3044 im

241 3061 414 3112 Staate
448 3060 586 3111 nicht
620 3063 819 3112 minder
849 3061 1082 3126 wichtige
1114 3063 1307 3112 Bedin-

240 3144 385 3195 gung
419 3130 557 3179 einer
596 3129 858 3195 tiichtigen
901 3132 1308 3180 conservati-

239 3213 357 3246 ven
394 3196 776 3263 Gesinnung
816 3199 949 3257 tritt3
994 3198 1124 3247 nach
1150 3197 1305 3249 Cetos

239 3264 540 3315 Definition:
581 3273 749 3315 orator
782 3266 860 3315 vir
894 3264 1063 3315 bonus
1100 3267 1307 3315 dicendi

279 3334 456 3383 eritus.
994 3372 1001 3382 ,

240 3350 275 3399 p
306 3417 418 3451 cum
440 3400 606 3449 omnia
635 3412 820 3448 summa
850 3400 1063 3462 fecerit,
1105 3399 1173 3448 ad
1199 3400 1304 3448 Att.

239 3469 338 3519 XV
367 3466 432 3517 13
456 3466 516 3516 D.
551 3465 616 3514 ad
641 3479 722 3513 me
746 3467 952 3531 scripsit
986 3493 1048 3501 —
1086 3480 1201 3515 sese
1239 3467 1306 3516 de

238 3534 570 3587 attributione
583 3534 752 3583 omnia
765 3549 876 3583 sum
884 3547 966 3581 ma
985 3532 1169 3581 fecisse
1189 3533 1240 3582 d.
1252 3532 1304 3584 h.

241 3604 410 3665 mles,
459 3617 564 3651 was
600 3615 696 3651 nur
722 3616 784 3651 zu
819 3600 944 3651 thun
979 3615 1110 3660 war,
1160 3601 1305 3650 seine

242 3670 614 3734 Schuldigkeit.

308 3741 543 3790 molestus
567 3740 587 3786 1
612 3735 698 3800 30,
726 3745 818 3787 134.

309 3809 381 3856 ad
401 3808 543 3857 aliud
561 3807 778 3855 studium
801 3807 905 3871 vgl.
931 3806 953 3853 I
976 3801 1060 3863 29,
1089 3812 1179 3853 130.

309 3883 376 3923 86.
415 3875 728 3924 deserendus
762 3889 814 3923 u.
841 3872 1177 3923 deterrendus
1211 3871 1306 3921 mit

243 3942 385 3989 einer
407 3942 499 3991 Art
522 3942 885 3991 Parouomasie
909 3954 1301 4005 zusammenge-

242 4009 394 4060 stelit.

311 4079 450 4141 quod
465 4080 679 4126 alterum
704 4081 796 4127 etc.
821 4075 970 4125 Diess
988 4076 1056 4125 ist
1074 4076 1306 4126 offenbar

241 4145 325 4195 die
360 4143 750 4209 urspriingliche
781 4142 857 4207 (in
894 4158 1083 4193 unsern
1106 4144 1301 4193 Texten

239 4211 414 4262 bisher
449 4219 603 4261 etwas
636 4208 918 4275 verwirrte)
944 4210 1178 4277 Stellung
1212 4211 1304 4261 der

1412 1977 1610 2028 Worte.
1655 1977 1718 2026 A.
1755 1976 1903 2027 sucht
1935 1979 2047 2027 sein
2082 1975 2367 2027 Verfahren
2400 1979 2479 2029 als

1412 2045 1577 2095 recht·
1627 2044 1733 2096 und
1783 2045 1978 2096 ordnun
2018 2046 2243 2110 smiissig
2284 2062 2349 2096 zu
2392 2047 2480 2096 be·

1411 2114 1676 2180 griindem
1725 2114 1840 2163 Man
1885 2061 2016 2162 dar}
2039 2113 2263 2162 nfimlich
2297 2114 2478 2163 darum

1410 2182 1580 2231 weder
1602 2183 1684 2230 bei
1709 2180 1823 2230 dem
1841 2217 1855 2240 ,
1892 2180 2106 2230 welcher
2138 2180 2230 2229 das
2256 2180 2477 2231 Hiichste

1408 2249 1592 2300 leisten
1616 2249 1779 2304 kann,
1823 2246 2140 2297 unterlassen
2174 2248 2364 2310 positiv
2390 2264 2479 2297 zu-

1412 2326 1647 2378 cumton,
1685 2316 1815 2366 noch
1848 2316 1974 2375 den,
2014 2316 2128 2377 der,
2163 2329 2312 2366 wenn
2346 2314 2478 2366 auch

1411 2385 1553 2437 nicht
1583 2384 1772 2449 gerade
1806 2392 1962 2434 etwas
1987 2383 2473 2448 Ausgezeichnetes,

1411 2452 1542 2503 doch
1585 2451 1811 2501 wirklich
1862 2462 2053 2501 etwas
2103 2452 2287 2501 leisten
2319 2453 2476 2514 kann,

1410 2522 1668 2586 geradezu
1680 2518 2041 2578 abscbrecken,
2060 2519 2172 2566 weil
2194 2518 2286 2567 das
2312 2519 2365 2568 ei
2381 2534 2410 2567 n
2424 2535 2474 2577 e,

1410 2585 1633 2637 niimlich
1659 2583 2473 2650 nurVollkommenes(ab-

1408 2656 1587 2705 solut
1610 2651 1795 2714 Gutes)
1824 2669 1886 2701 zu
1913 2653 2119 2713 leisten‚
2148 2660 2302 2702 etwas
2328 2653 2475 2704 Gott-

1406 2721 1565 2772 liches
1589 2723 1673 2783 ist,
1704 2720 1814 2770 also
1839 2721 1996 2785 gewis
2023 2721 2090 2769 im
2102 2723 2355 2770 Interesse
2380 2721 2471 2771 des

1410 2789 1597 2852 staats,
1636 2789 1727 2837 der
1751 2788 1917 2838 davon
1943 2788 2043 2838 den
2067 2791 2276 2853 gresten
2302 2787 2472 2853 Segen

1408 2858 1515 2908 und
1539 2857 1623 2907 die
1645 2859 1817 2921 groste
1828 2855 1961 2905 Ehre
1979 2854 2085 2919 bat,
2104 2854 2473 2921 jeglicbeAul'-

1407 2934 1717 2989 munterung
1761 2925 1830 2972 im
1872 2923 2118 2974 hochsten
2153 2922 2321 2973 Grade
2355 2939 2469 2973 ver·

1410 2994 1581 3053 dient‚
1607 2992 1700 3041 das
1725 2991 1961 3041 andere
1994 2993 2133 3053 aber,
2160 2991 2377 3041 nfimlich
2407 3007 2472 3040 zu

1407 3062 1616 3120 leisten‚
1641 3074 1765 3123 was,
1792 3075 1940 3109 wenn
1967 3060 2107 3110 nieht
2132 3074 2248 3109 zum
2274 3061 2474 3117 besten,

1410 3128 1543 3180 doch
1568 3128 1702 3178 auch
1727 3128 1863 3178 nicht
1885 3128 2073 3193 get-ade
2098 3142 2214 3176 zum
2240 3125 2471 3176 schlech·

1408 3204 1574 3247 testen
1617 3196 1799 3261 geliiirt
1839 3196 1892 3246 d.
1928 3195 1977 3243 h.
2028 3194 2257 3243 relativ
2294 3192 2471 3252 Gutes,

1408 3265 1502 3314 das
1534 3262 1886 3328 gewohuliche
1920 3261 2057 3310 Mass
2092 3259 2474 3309 menschlicheu

1407 3331 1584 3382 Thuns
1610 3331 1677 3378 ist
1699 3325 1759 3393 (S
1784 3325 1907 3391 298)
1942 3344 1993 3376 u.
2021 3328 2157 3387 also,
2196 3329 2324 3377 eben
2357 3327 2471 3375 weil

1409 3414 1464 3447 es
1501 3396 1632 3448 noch
1673 3394 1938 3445 inuerhalb
1980 3394 2072 3444 der
2106 3393 2339 3442 Grenzen
2380 3394 2472 3442 der

1407 3465 1698 3515 humanitas
1723 3462 1858 3521 faut,
1895 3460 2162 3511 sicherlich
2189 3459 2328 3510 nicht
2350 3476 2470 3509 ver-

1406 3532 1599 3582 worfen
1640 3530 1844 3581 werden
1890 3529 2024 3579 darf.
2091 3528 2195 3577 Das
2242 3528 2307 3577 ist
2351 3529 2473 3577 aber

1408 3599 1539 3649 auch
1574 3599 1657 3649 die
1683 3602 1941 3650 §usserste
1966 3595 2228 3646 Schranke
2253 3595 2343 3645 der
2369 3596 2470 3645 Zu-

1407 3668 1623 3732 lassung
1657 3680 1773 3717 zum
1798 3663 2169 3715 Rednerberuf.
2206 3690 2272 3699 ——
2309 3665 2472 3715 vossii

1408 3751 1481 3785 sc.
1507 3736 1703 3796 aliquis.

1475 3806 1703 3853 clamatm

1406 3871 1514 3934 Ego
1549 3880 1703 3920 tamer

1407 3950 1462 3989 ut
1497 3937 1703 4001 intelleg

1407 4006 1703 4056 clamatorer

1476 4073 1703 4123 domestic

1405 4141 1474 4190 ad
1497 4153 1691 4188 merces

1407 4209 1553 4275 (Hor.
1580 4206 1643 4257 A.
1668 4207 1703 4256 P
