2930 4693
879 202 977 266 DE
1007 201 1361 267 ORATORE
1389 201 1416 265 l
1454 201 1555 265 54.
1598 207 1906 264 229—231.
2421 205 2498 274 81

286 376 447 440 Haec
484 373 734 438 Rutilius
763 375 929 438 valde
968 375 1337 457 vituperabat
1381 383 1439 437 et
1469 376 1606 437 huic
1644 374 1958 438 humilitati
1997 375 2229 439 dicebat
2257 377 2348 439 vel
2377 379 2498 440 exi-

286 462 429 524 lium
456 461 635 523 fuisse
662 461 754 524 vel
782 469 1035 524 mortem
1065 462 1558 541 anteponendam.
1630 461 1835 543 Neque
1873 479 2014 524 vero
2042 451 2158 523 hoc
2186 462 2373 525 solum
2405 464 2492 525 di·
2523 472 2626 523 229

287 549 400 618 xit,
443 547 550 608 sed
588 548 715 628 ipse
755 554 815 609 et
841 548 1027 609 sensit
1055 555 1116 609 et
1143 547 1299 609 fecit.
1372 548 1521 609 Nam
1552 565 1687 608 cum
1719 554 1873 609 esset
1899 547 1997 609 ille
2025 549 2116 609 vir
2145 548 2496 629 exemplum,

286 640 352 695 ut
380 634 541 695 scitis
562 680 577 702 ,
609 634 981 695 innocentiae
1038 651 1289 712 cumque
1340 632 1441 694 illo
1495 652 1669 694 nemo
1699 651 1891 713 neque
1939 633 2226 712 integrior
2254 641 2410 695 esset
2433 636 2498 696 in

287 719 520 779 civitate
558 736 750 799 neque
791 720 1080 789 sanctior,
1126 736 1244 779 non
1289 718 1465 780 modo
1506 717 1751 799 supplex
1791 718 2082 780 iudicibus
2122 735 2251 780 esse
2291 717 2496 791 noluit,

285 804 391 865 sed
420 821 496 864 ne
526 805 789 866 ornatius
818 804 1055 884 quidem
1098 811 1198 865 aut
1224 803 1469 866 liberius
1512 821 1745 865 causam
1778 803 1896 864 dici
1923 821 2117 873 suam,
2150 822 2324 884 quam
2356 805 2496 866 sim·

285 888 422 970 plex
455 890 607 950 ratio
646 890 907 950 veritatis
935 888 1182 952 serebat.
1241 887 1508 951 Paullum
1551 889 1688 950 huic
1729 889 1932 951 Cottae
1973 888 2181 950 tribuit
2217 890 2494 969 partium,

286 974 671 1036 disertissimo
692 973 1072 1045 adulescenti,
1103 976 1325 1036 sororis
1346 993 1486 1037 suae
1516 972 1655 1035 lilio.
1716 973 1874 1035 Dixit
1898 975 2042 1036 item
2059 992 2306 1061 ‘causam
2336 975 2496 1037 illam

285 1059 538 1140 quadam
567 1077 640 1121 ex
681 1067 851 1139 parte
893 1061 961 1132 Q.
992 1060 1216 1122 Mucius
1234 1109 1250 1131 ,
1291 1079 1459 1122 more
1501 1077 1637 1131 suo,
1683 1057 1846 1121 nullo
1890 1067 2203 1140 apparatu,
2244 1078 2394 1141 pure
2439 1069 2498 1121 et

280 1144 552 1207 dilucide.

642 1145 864 1218 Quodsi
893 1153 955 1206 tu
988 1156 1155 1216 tunc,
1189 1146 1427 1216 Crasse,
1474 1145 1747 1215 dixisses,
1778 1146 1880 1225 qui
1909 1144 2234 1207 subsidium
2266 1147 2489 1207 oratori
2521 1156 2624 1210 230

283 1249 356 1292 ex
384 1229 501 1291 illis
531 1228 1048 1312 disputationihn8‚
1092 1230 1305 1311 quibus
1335 1230 1671 1311 philosophi
1701 1237 1977 1300 utuntur,
2020 1230 2094 1290 ad
2124 1229 2362 1292 dicendi
2391 1250 2490 1293 co-

276 1317 437 1396 piam
465 1316 786 1396 petendum
817 1334 945 1377 esse
974 1314 1173 1396 paullo
1213 1323 1349 1377 ante
1380 1315 1649 1386 dicebas,
1694 1323 1779 1385 et,
1825 1316 1875 1375 si
1903 1315 2011 1376 tibi
2039 1334 2151 1396 pro
2180 1315 2243 1376 P.
2274 1315 2492 1379 Rutilio

282 1419 406 1462 non
434 1399 920 1481 philosophorum
950 1419 1116 1463 more
1132 1448 1148 1471 ,
1193 1400 1298 1463 sed
1326 1408 1429 1463 tuo
1457 1400 1722 1462 licuisset
1751 1400 1981 1470 dicere,
2014 1401 2278 1481 quamvis
2307 1401 2492 1463 scele-

277 1487 391 1547 rati
418 1484 504 1545 illi
531 1486 807 1557 fuissent,
839 1488 1012 1548 sicuti
1040 1486 1307 1557 fuerunt,
1351 1486 1622 1566 pestiferi
1663 1486 1819 1546 cives
1861 1483 2266 1566 supplicioque
2307 1486 2489 1567 digni,

272 1577 472 1632 tamen
497 1589 733 1634 omnem
762 1590 967 1634 eorum
992 1572 1500 1653 importunitatem
1526 1589 1596 1631 ex
1625 1571 1850 1631 intimis
1876 1569 2173 1632 mentibus
2203 1570 2493 1633 evellisset

272 1657 359 1717 vis
386 1658 671 1718 orationis
698 1664 863 1719 tuae:
895 1676 1054 1719 nunc
1075 1656 1210 1719 talis
1240 1658 1327 1716 vir
1356 1658 1604 1717 amissus
1634 1663 1740 1728 est,
1772 1654 1913 1716 dum
1943 1672 2116 1717 causa
2144 1657 2224 1717 ita
2256 1656 2489 1729 dicitur,

272 1748 338 1802 ut
364 1743 415 1802 si
442 1743 506 1802 in
534 1740 635 1803 illa
666 1744 1078 1804 commenticia
1107 1742 1369 1804 Platonis
1410 1742 1642 1803 civitate
1685 1759 1785 1802 res
1814 1746 2109 1821 ageretur.
2179 1740 2366 1802 Nemo
2396 1743 2488 1802 in-

269 1828 522 1905 gemuit,
554 1845 730 1888 nemo
759 1826 1097 1889 inclamavit
1125 1834 1539 1908 patronorum,
1583 1825 1730 1888 nihil
1760 1827 2032 1905 cuiquam
2064 1824 2279 1897 doluit,
2311 1844 2488 1888 nemo

269 1918 361 1972 est
384 1917 645 1991 questus
678 1929 854 1973 nemo
872 1931 998 1973 rem
1022 1911 1319 1992 publicam
1343 1911 1694 1993 imploravit,
1725 1929 1902 1974 nemo
1925 1910 2289 1992 supplicavit.
2335 1911 2487 1984 Quid

267 1995 491 2057 multa?
519 1995 733 2077 pedem
768 2015 944 2059 nemo
973 1998 1035 2058 in
1076 1997 1180 2059 illo
1220 1996 1440 2059 iudicio
1469 1997 1776 2079 supplosit,
1809 1997 2010 2068 credo,
2042 2015 2117 2058 ne
2147 1997 2362 2059 Stoicis
2390 2016 2485 2059 re-

267 2082 660 2144 nuntiaretur.
720 2082 986 2145 Imitatus
1031 2091 1121 2144 est
1147 2083 1328 2145 homo
1369 2083 1670 2146 Romanus
1719 2090 1779 2145 et
1818 2081 2146 2144 consularis
2185 2077 2651 2153 veterem54231

331 2270 624 2335 humilitati,
661 2271 1094 2339 erniedrigendem
1120 2270 1318 2323 Beneh-

265 2353 397 2388 men.
446 2338 763 2405 Niigelsbach
787 2340 898 2392 Lat.
923 2339 1037 2393 Stil.
1061 2338 1094 2408 S
1121 2340 1212 2403 17,
1238 2352 1278 2394 1.

331 2416 423 2458 229.
455 2410 616 2460 sensit
636 2417 690 2460 et
706 2409 852 2470 fecit,
878 2425 934 2460 es
955 2425 1060 2460 war
1081 2410 1226 2460 aeine
1249 2410 1321 2459 ei·

261 2490 395 2540 gene
416 2475 822 2542 Ueberzeugung
842 2478 948 2527 und
973 2493 1028 2527 er
1050 2479 1237 2529 bewies
1263 2493 1319 2529 es

261 2542 421 2593 durch
443 2543 679 2604 dieTbat,
704 2561 758 2612 p.
775 2545 908 2596 Sest.
922 2542 1071 2606 40‚se
1090 2545 1321 2596 hocsen-

258 2611 355 2660 tire
376 2613 677 2678 prudentiae
702 2622 794 2672 est,
820 2612 988 2664 facere
1010 2612 1320 2664 fortitudinis

257 2678 342 2741 42,
367 2688 420 2728 92
441 2679 563 2729 Milo
587 2689 638 2730 et
661 2680 789 2731 vidit
811 2688 862 2730 et
885 2681 1022 2740 fecit,
1050 2690 1106 2731 ut
1128 2681 1208 2732 ius
1228 2696 1317 2731 ex·

255 2746 533 2813 perii-etur,
557 2748 660 2796 vim
685 2748 978 2814 depelleret.

325 2816 509 2875 nolaedt,
546 2816 641 2865 wie
673 2815 804 2867 auch
847 2816 938 2866 der
968 2816 1070 2867 Erl.
1105 2818 1171 2870 Ib
1212 2817 1317 2881 hat,

257 2881 398 2933 nicht
419 2884 604 2941 voluit,
632 2884 697 2935 da
721 2898 811 2934 vor
833 2886 927 2936 sed
951 2900 1016 2935 ue
1034 2887 1314 2950 —quidem

257 2951 341 3001 die
367 2951 797 3018 zweiteNegation
820 2953 870 3003 in
891 2954 983 3004 der
993 2955 1191 3005 Formel
1213 2969 1313 3005 non

254 3019 408 3070 modo
434 3034 537 3071 uon
561 3037 657 3071 nur
680 3021 816 3072 daun
833 3022 1164 3088 ansgelassen
1183 3038 1312 3073 wer-

255 3087 355 3139 den
390 3089 552 3150 kann,
588 3104 734 3140 wenn
770 3090 865 3143 das
900 3092 1014 3141 eine
1047 3090 1132 3142 fiir
1162 3093 1311 3143 beide

254 3157 490 3221 negative
513 3156 714 3209 Glieder
734 3158 969 3224 geltende
981 3158 1308 3212 Schlnssver-

252 3225 372 3275 bum
398 3224 537 3275 nicht
556 3224 722 3291 gleich
746 3226 861 3276 dem
885 3235 1070 3289 ersten,
1091 3228 1313 3279 sondern

251 3302 357 3345 erst
365 3295 481 3343 dem
494 3293 704 3343 zweiten
713 3292 887 3345 Gliede
896 3295 1158 3362 beigefiigt
1167 3297 1310 3347 wird.

251 3362 307 3411 1².
332 3360 540 3413 Schultz
559 3359 592 3427 S
610 3370 687 3412 237
708 3362 769 3412 Α.
798 3360 844 3414 1.
880 3362 1046 3413 Daher
1068 3364 1134 3413 ad
1157 3364 1309 3416 Attic.

252 3431 275 3479 Ι
301 3427 362 3479 11
397 3444 498 3479 non
535 3429 687 3480 modo
712 3443 822 3479 eam
847 3431 1157 3482 voluntatem
1182 3432 1311 3494 eius,

248 3509 383 3562 quae
416 3497 582 3548 iuerat
615 3511 736 3563 erga
771 3507 845 3556 te,
880 3514 1181 3566 recuperare
1211 3517 1314 3553 non

249 3565 419 3632 potui,
457 3580 632 3616 verum
668 3580 732 3616 ne
759 3581 964 3616 causam
988 3567 1193 3631 quidem
1218 3568 1313 3618 eli-

248 3648 381 3684 cere.
414 3633 544 3685 Dass
569 3633 704 3684 daun
726 3634 796 3685 im
817 3636 1046 3686 zweitem
1056 3634 1202 3686 Glied
1218 3650 1314 3686 aus

249 3702 367 3752 dem
380 3700 831 3768 vorhergehenden
850 3703 1012 3755 noluit
1028 3703 1184 3755 voluit
1200 3703 1314 3754 her-

246 3769 632 3821 anszunehmen
657 3770 739 3831 ist,
752 3770 840 3822 hat
848 3772 1000 3821 keine
1012 3771 1311 3837 Schvvierig·

249 3837 370 3896 keit,
399 3836 430 3900 §
455 3836 571 3889 111.
588 3835 703 3890 134.
732 3836 895 3904 (Doch
920 3840 989 3891 ist
1012 3840 1154 3891 darin
1180 3841 1307 3891 viel-

244 3903 403 3955 leicht
425 3905 516 3956 der
536 3904 714 3956 Grund
739 3923 804 3957 zu
827 3908 1009 3968 sehen,
1044 3910 1167 3960 dass
1191 3923 1310 3960 man

245 3971 405 4023 sehon
425 3973 491 4023 im
512 3982 678 4024 ersten
691 3973 867 4026 Gliede
883 3976 1046 4028 voluit
1063 3976 1308 4040 schrieb).

312 4042 544 4100 liberius,
581 4042 632 4093 d.
666 4041 720 4094 h.
747 4058 801 4093 er
834 4045 1003 4095 wollte
1034 4045 1120 4096 bei
1143 4045 1312 4096 seiner

241 4107 647 4176 Vertheidigung
663 4109 918 4162 durchaus
941 4112 1105 4164 nichts
1127 4128 1309 4180 vorge-

243 4176 421 4227 bracht
458 4177 653 4241 haben,
694 4194 800 4230 was
843 4179 980 4230 nicht
1012 4191 1188 4249 streng
1221 4198 1314 4233 zur

243 4242 410 4296 Sache
450 4245 688 4313 gehiirte3
731 4248 826 4298 wie
869 4249 1172 4313 umgekehrt
1205 4250 1318 4302 Cic.

1420 2285 1513 2338 pro
1541 2269 1725 2322 Archia
1758 2271 1842 2322 die
1875 2286 2039 2336 engen
2064 2269 2358 2322 Schranken
2396 2271 2487 2322 des

1422 2339 1758 2407 eigentlichen
1783 2338 2089 2391 Rechtsfalls
2119 2338 2487 2391 iiberschreitet

1423 2410 1530 2459 und
1553 2409 1713 2460 daher
1735 2409 1820 2460 die
1837 2408 2045 2459 Richter
2067 2408 2330 2462 bittet·c.2
2351 2416 2483 2459 ut—

1421 2476 1545 2526 mihi
1568 2477 1701 2528 detis
1724 2476 1857 2528 hanc
1881 2478 2100 2538 veniam,
2121 2487 2177 2527 ut
2198 2492 2279 2527 me
2297 2502 2365 2513 -
2387 2492 2481 2543 pa-

1419 2546 1615 2595 tiamini
1641 2545 1704 2596 de
1723 2544 1906 2596 studiis
1930 2544 2258 2596 humanitatis
2274 2559 2334 2594 ac
2351 2544 2485 2595 litte-

1421 2613 1786 2732 25:³3¹&ss
1809 2612 2218 2732 hialim·
2276 2613 2483 2664 ”dm

1417 2816 1694 2876 Unschnld,
1714 2748 2095 2868 gggffitfiigl:
2107 2748 2291 2882 ξὲτῦῗέ
2307 2764 2483 2879 agisa&

1416 2884 1613 2935 Mucius
1660 2884 1907 2936 Scaevola
1959 2886 2016 2936 P.
2064 2885 2133 2938 M.
2181 2885 2342 2952 Legat
2393 2902 2476 2953 ge-

1413 2967 1605 3004 wesen.

1481 3030 1572 3074 230.
1590 3022 2030 3089 importunitatem,
2056 3022 2138 3073 die
2161 3020 2476 3074 Gewissens-

1412 3089 1652 3155 losigkeit
1674 3090 1797 3141 oder
1819 3090 2062 3142 vielmehr
2082 3090 2364 3152 Frechheit,
2387 3091 2481 3141 mit

1414 3158 1505 3207 der
1538 3159 1613 3208 sie
1657 3160 1755 3208 den
1789 3160 2074 3210 anerkannt
2103 3157 2474 3226 unschuldigen

1413 3227 1566 3276 Manu
1626 3242 1689 3277 zu
1747 3227 2052 3291 verurteilen
2123 3226 2475 3278 entschlossen

1412 3309 1600 3345 waren.

1480 3364 1693 3415 amium
1716 3388 1780 3399 -·
1806 3363 1901 3412 wie
1935 3378 1990 3412 er
2022 3361 2131 3413 sich
2164 3363 2300 3413 deun
2323 3363 2476 3414 wirh-

1412 3430 1512 3480 lich
1531 3430 1671 3481 nicht
1686 3432 1929 3496 bewegen
1947 3430 2343 3491 liess,wiederin
2364 3431 2475 3481 sein

1413 3499 1690 3549 Vaterland
1716 3498 2182 3550 zuriickzukehren.

1482 3568 1847 3627 comenticia,
1872 3568 1904 3629 S
1926 3566 2046 3617 224.

1480 3636 1800 3701 supplicavit.
1826 3634 1966 3685 Brut.
1984 3632 2072 3694 80,
2091 3643 2168 3686 278
2184 3635 2270 3686 ubi
2295 3634 2475 3686 dolor?

1413 3703 1504 3752 ubi
1527 3704 1678 3753 ardor
1700 3703 1856 3753 animi
1881 3702 1941 3768 (S
1956 3701 2096 3768 134),
2120 3703 2208 3768 qui
2233 3705 2384 3753 etiam
2407 3719 2473 3753 ex

1412 3770 1682 3821 infantium
1729 3771 1950 3835 ingeniis
1997 3770 2178 3821 elicere
2225 3787 2377 3822 voces
2424 3779 2475 3821 et

1409 3840 1642 3902 querelas
1666 3839 1829 3891 solet?
1859 3839 2007 3889 Nulla
2066 3837 2337 3891 erturbatIo
2360 3840 2469 3890 ani-

1410 3908 1507 3969 mi,
1556 3907 1694 3958 nulla
1726 3907 1982 3974 corporis3
2076 3922 2171 3958 ous
2212 3922 2313 3959 non
2353 3922 2471 3974 per-

1411 3990 1590 4038 cussa,
1620 3990 1719 4026 non
1746 3975 1936 4033 lemni-3
1965 3978 2151 4041 pedis,
2175 3977 2315 4042 quod
2332 3978 2472 4028 mini-

1410 4060 1538 4162 ηωὶηὸ
1583 4051 1689 4103 est,
1737 4046 1875 4094 uuna
1918 4045 2199 4110 supplosio.
2270 4044 2401 4098 Einl.
2449 4047 2471 4096 1

1411 4113 1445 4175 5
1540 4146 1554 4160 .
1579 4120 1646 4164 73.

1481 4179 1573 4241 54,
1597 4188 1693 4230 231.
1727 4179 1870 4233 homo
1892 4180 2147 4233 Romanus
2168 4189 2221 4232 et
2241 4183 2474 4234 consula-

1412 4248 1517 4312 ris,
1552 4248 1642 4299 der
1665 4248 1794 4301 nach
1818 4250 1986 4302 dieser
2007 4250 2176 4302 seiner
2197 4249 2472 4317 doppelten
