2930 4693
904 181 1004 246 DE
1034 179 1389 244 ORATORE
1416 180 1498 243 111
1551 181 1612 243 5.
1656 187 1893 242 17-19.
2379 185 2505 250 231

289 365 493 414 sumus
520 351 584 414 in
614 367 821 412 eorum
849 368 1125 414 sermone
1155 349 1509 412 adumbrare
1537 351 1750 412 conati.
1823 349 2044 421 Quodsi
2070 349 2202 430 quis
2230 350 2375 423 erit,
2404 351 2512 431 qui

292 436 503 498 ductus
543 436 821 514 opinione
858 434 1017 514 vulgi
1057 443 1158 497 aut
1183 436 1503 496 Antonium
1543 435 1896 497 ieiuniorem
1937 441 2038 496 aut
2066 434 2340 497 Crassum
2378 434 2509 515 ple-

288 521 524 584 niorem
550 520 731 581 fuisse
767 527 961 599 putet,
1016 538 1193 600 quam
1220 518 1517 600 quomodo
1553 537 1588 580 a
1616 518 1789 581 nohis
1816 526 2066 599 uterque
2093 518 2367 582 inductus
2396 527 2509 591 est,

287 606 341 667 is
371 605 486 666 erit
513 623 587 667 ex
617 606 732 675 eis,
774 605 877 685 qui
917 612 1017 665 aut
1055 602 1187 665 illos
1218 622 1336 667 non
1365 603 1663 665 audierint
1691 610 1793 665 aut
1817 603 2081 665 iudicare
2109 621 2231 665 non
2259 605 2511 684 possint.

289 689 440 752 Nam
469 689 582 752 suit
609 696 887 769 uterque,
939 696 1006 750 ut
1034 690 1278 767 exposui
1307 695 1507 758 antea,
1554 705 1693 750 cum
1734 686 1931 750 studio
1968 695 2144 769 atque
2177 688 2416 767 ingenio
2446 695 2510 749 et

290 773 562 836 doctrina
589 781 895 853 praestans
924 772 1198 835 omnihus
1223 779 1349 835 tum
1377 773 1441 834 in
1470 790 1577 834 suo
1607 789 1827 851 genere
1851 772 2183 852 perfectae,
2218 779 2286 834 ut
2315 789 2506 852 neque

288 859 351 919 in
408 859 662 919 Antonio
701 857 933 920 deesset
969 858 1067 919 hic
1107 865 1350 920 ornatus
1389 858 1675 920 orationis
1721 875 1916 937 neque
1951 858 2016 918 in
2045 857 2255 920 Crasso
2285 856 2506 918 redun-

291 943 476 1004 daret.
1592 938 1603 946 ”

460 1027 536 1088 Ut
555 1027 731 1105 igitur
756 1033 892 1088 ante
911 1027 1220 1088 meridiem
1243 1026 1642 1089 discesserunt
1667 1025 2108 1107 paullulumque
2136 1027 2499 1106 requierunt,
2523 1021 2568 1093 5
2591 1032 2658 1083 17

288 1112 353 1174 in
386 1112 594 1191 primis
633 1111 749 1172 hoc
777 1130 812 1172 a
840 1129 905 1172 se
936 1112 1104 1173 Cotta
1144 1110 1618 1173 animadversum
1660 1129 1790 1173 esse
1830 1111 2091 1181 dicebat,
2143 1128 2321 1172 omne
2358 1110 2506 1172 illud

289 1204 525 1275 tempus
555 1195 947 1257 meridianum
980 1196 1253 1258 Crassum
1296 1198 1360 1256 in
1400 1197 1694 1257 acerrima
1722 1202 1897 1277 atque
1927 1196 2315 1258 attentissima
2344 1197 2507 1274 cogi-

288 1281 509 1342 tatione
537 1282 802 1359 posuisse
831 1298 1107 1360 seseque,
1152 1281 1254 1361 qui
1280 1278 1504 1342 vultum
1535 1281 1691 1350 eius,
1734 1298 1870 1341 cum
1901 1282 1956 1341 ei
1985 1279 2298 1341 dicendum
2328 1288 2508 1351 esset,

289 1364 675 1444 obtutumque
703 1363 1010 1440 oculorum
1037 1366 1101 1426 in
1131 1364 1441 1443 cogitando
1471 1363 1659 1445 probe
1686 1372 1891 1426 nosset
1929 1372 2102 1443 atque
2141 1366 2205 1425 in
2233 1366 2511 1426 maximis

291 1451 484 1512 causis
511 1467 690 1528 saepe
719 1448 991 1520 vidisset,
1042 1456 1169 1511 tum
1211 1449 1407 1510 dedita
1447 1466 1629 1527 opera
1657 1449 2094 1528 quiescentibus
2122 1448 2250 1510 aliis
2276 1451 2342 1511 in
2371 1467 2506 1511 eam

291 1533 570 1596 exedram
599 1536 845 1605 venisse,
875 1535 941 1595 in
969 1552 1084 1613 qua
1114 1534 1357 1596 Crassus
1379 1531 1598 1594 lectulo
1617 1534 1807 1613 posito
1831 1532 2217 1603 recubuisset,
2248 1552 2509 1614 cumque

288 1636 425 1680 eum
453 1620 517 1679 in
546 1619 899 1696 cogitatione
929 1618 1182 1679 defixum
1212 1636 1341 1679 esse
1380 1618 1689 1689 sensisset,
1743 1619 1940 1680 statim
1981 1619 2294 1679 recessisse
2323 1624 2505 1698 atque

286 1704 350 1763 in
380 1720 450 1763 eo
480 1700 711 1763 silentio
742 1702 886 1764 duas
914 1702 1093 1764 horas
1122 1702 1249 1763 fere
1272 1720 1403 1763 esse
1436 1709 1832 1781 consumptas,
1876 1701 2102 1763 Deinde
2131 1720 2266 1764 cum
2294 1720 2508 1763 omnes

284 1786 566 1848 inclinato
595 1787 714 1848 iam
742 1787 807 1847 in
833 1786 1306 1866 pomeridianum
1347 1793 1581 1866 tempus
1622 1786 1719 1847 die
1757 1788 2055 1849 venissent
2093 1786 2166 1847 ad
2194 1787 2505 1849 Crassum:

288 1870 441 1943 Quid
470 1880 584 1941 est,
628 1871 854 1942 Crasse,
885 1872 1077 1951 inquit
1102 1871 1357 1943 IULIUS,
1401 1872 1637 1933 imusne
1675 1872 1942 1934 sessum?
1983 1871 2094 1933 etsi
2132 1871 2501 1933 admonitum

287 1956 553 2016 venimus
585 1963 669 2025 te,
702 1973 824 2016 non
851 1955 1194 2034 flagitatum.

265 2097 274 2110 ,
454 2040 607 2102 Tum
638 2036 978 2102 CRASSUS:
1029 2040 1121 2100 An
1150 2045 1246 2102 me
1274 2045 1396 2102 tam
1423 2039 1833 2119 impudentem
1860 2057 1989 2102 esse
2018 2040 2390 2112 existimem,
2437 2049 2503 2102 ut
2547 2047 2620 2100 18

283 2123 449 2185 vobis
478 2125 592 2186 hoc
620 2125 967 2204 praesertim
998 2142 1214 2186 munus
1241 2132 1441 2204 putem
1475 2124 1693 2186 diutius
1719 2142 1894 2204 posse
1924 2123 2184 2186 debere?

453 2209 703 2280 Quinam
732 2210 941 2288 igitur,
982 2210 1175 2289 inquit
1202 2207 1333 2271 ille
1351 2256 1369 2281 ,
1407 2207 1612 2272 locus?
1667 2209 1757 2271 An
1785 2209 1847 2269 in
1876 2209 2070 2270 media
2100 2208 2242 2269 silva
2270 2208 2500 2290 placet?

285 2291 392 2354 Est
420 2294 579 2355 enim
607 2295 660 2355 is
687 2295 941 2355 maxime
973 2301 1031 2357 et
1059 2312 1277 2374 opacus
1308 2301 1368 2356 et
1394 2293 1661 2374 frigidus,

453 2378 635 2449 Sane,
675 2379 868 2458 inquit
897 2375 1244 2450 CRAssUs;
1296 2380 1516 2441 etenim
1545 2386 1636 2440 est
1671 2379 1737 2438 in
1765 2396 1837 2440 eo
1865 2377 1999 2441 loco
2026 2378 2196 2440 sedes
2223 2379 2363 2441 huic
2391 2398 2502 2440 no-

282 2469 406 2524 stro
436 2480 555 2522 non
584 2464 922 2541 importuna
952 2465 1232 2524 sermoni.

451 2546 594 2608 Cum
624 2546 939 2627 placuisset
965 2548 1125 2608 idem
1156 2550 1399 2616 ceteris,
1451 2549 1516 2609 in
1556 2545 1759 2608 silvam
1800 2548 2035 2609 venitur
2077 2556 2137 2609 et
2172 2547 2257 2608 ibi
2284 2566 2499 2627 magna

282 2647 417 2691 cum
449 2631 729 2692 audiendi
758 2633 1192 2712 exspectatione
1223 2631 1566 2694 considitur.

448 2715 598 2776 Tum
632 2714 972 2778 CRAssus:
1006 2716 1151 2778 Cum
1182 2719 1499 2778 auctoritas
1528 2723 1707 2800 atque
1733 2716 1988 2779 amicitia
2014 2722 2204 2780 vestra
2230 2723 2354 2777 tum
2377 2718 2497 2778 An·
2541 2721 2616 2774 19

277 2800 427 2859 tonii
454 2799 704 2862 facilitas
733 2801 976 2880 eripuit,
1020 2802 1235 2882 inquit,
1278 2802 1424 2862 mihi
1453 2803 1518 2861 in
1547 2801 1768 2881 optima
1795 2817 1929 2863 mea
1959 2819 2134 2863 causa
2161 2800 2499 2865 libertatem

279 2966 592 3034 unrichtigen
626 2969 834 3020 Ansicht
865 2970 990 3020 iiber
1020 2969 1168 3020 beide
1190 2970 1337 3020 Man·
1440 2968 1677 3035 schuldig
1709 2968 1931 3030 bleiben,
1967 2969 2319 3020 vorenthalten
2342 2971 2495 3021 Tusc.

277 3051 396 3096 ner,
422 3038 642 3087 sondern
666 3035 935 3103 magliohst
957 3045 1086 3087 tren.
1437 3038 1485 3087 ΙΙ
1509 3038 1602 3098 27,
1627 3047 1696 3088 67.
1742 3039 1870 3104 Top.
1901 3037 1945 3099 l,
1970 3045 1997 3086 4
2030 3053 2131 3088 non
2166 3038 2310 3104 potui
2341 3038 2502 3102 igitur

343 3102 405 3169 2)
449 3106 768 3155 Aeussere
812 3104 1136 3156 Scenerie.
1203 3105 1335 3154 Ver·
1436 3105 1530 3155 tibi
1561 3106 1770 3172 saepius*
1812 3106 1908 3155 hoc
1952 3119 2010 3156 ro
2048 3106 2155 3157 anti
2201 3133 2265 3142 —
2312 3106 2499 3157 debere

277 3172 565 3238 sammlnng
584 3173 653 3222 im
678 3173 811 3223 Park
832 3187 914 3224 am
939 3171 1257 3239 Nachmittag
1289 3186 1336 3223 c.
1438 3173 1648 3233 diutius,
1696 3173 1763 3222 ad
1799 3173 1941 3223 Fam.
1971 3170 2012 3222 V
2042 3175 2066 3224 I
2103 3170 2194 3235 19,
2229 3182 2249 3223 1
2287 3174 2351 3223 ad
2386 3175 2498 3225 Αῑι.

275 3239 325 3303 5,
351 3248 536 3291 17—19.
1435 3241 1507 3289 lv
1525 3240 1574 3299 2,
1594 3250 1637 3293 2.
1670 3240 1882 3298 venitur,
1909 3241 2082 3306 begibt
2104 3239 2213 3291 sich
2233 3240 2314 3290 die
2331 3256 2503 3307 ganze

341 3307 390 3366 5,
417 3316 484 3356 17.
512 3308 726 3358 Crassus
750 3316 862 3370 etc.‚
886 3306 1020 3358 Einl.
1042 3307 1063 3357 1
1087 3303 1220 3373 320,
1237 3315 1330 3357 201.
1436 3306 1791 3359 Geselischaft.
1859 3306 2179 3373 Nageisbach
2224 3307 2337 3359 Lat.
2381 3308 2499 3359 Stil-

274 3375 455 3425 lectulo
482 3377 683 3439 posito,
729 3375 859 3424 eben
894 3389 1012 3425 zum
1046 3374 1215 3424 Behur
1243 3374 1336 3425 der
1436 3373 1468 3442 S
1497 3374 1592 3426 115
1606 3377 1657 3426 b.

274 3440 468 3503 Siesta,
504 3442 596 3492 des
631 3443 897 3504 recubare,
933 3441 1022 3492 der
1052 3441 1333 3509 gewohnli-
1510 3443 1774 3495 Tractatio
1820 3456 1867 3492 c.
1901 3440 1964 3505 5,
2021 3440 2236 3504 19—61,
2281 3450 2377 3492 228.
2424 3468 2491 3479 —-

273 3508 401 3559 chen
414 3508 663 3560 Situation
684 3508 1008 3576 beiruhigem
1022 3510 1334 3565 Meditieren.
1435 3510 1648 3561 Inhalt
1670 3511 1798 3561 und
1821 3511 2024 3573 Form,
2046 3508 2349 3560 chanke
2366 3511 2497 3560 und

275 3574 385 3627 Cat.
410 3577 529 3627 mai.
557 3576 648 3642 11,
673 3585 741 3628 38.
1432 3579 1610 3629 Wort
1642 3578 1868 3630 durren
1915 3576 2274 3643 eigentlich
2316 3577 2495 3628 nicht

337 3647 528 3695 intusne
559 3661 750 3696 sessum
783 3659 854 3695 sc.
883 3659 973 3695 sur
996 3645 1333 3712 Fortsetzung
1433 3646 2115 3712 geschiedenwerdem
2138 3646 2325 3697 beide
2349 3647 2495 3696 sind

271 3712 363 3763 des
389 3712 701 3778 Gesprfichs,
731 3710 882 3775 1190,
906 3720 983 3764 367
1005 3727 1053 3763 a.
1081 3712 1138 3763 Ε.
1434 3715 1600 3777 eins,
1634 3715 1749 3764 wie
1781 3714 1894 3764 dns
1924 3713 2311 3780 Weltganze
2352 3715 2498 3763 eins·

405 3789 473 3832 18.
508 3782 623 3843 An,
649 3777 1197 3847 sehu1t23234A.‘1.
1239 3783 1336 3832 im·
1434 3781 1547 3844 ist,
1615 3783 1733 3831 wie
1804 3781 1905 3832 die
1972 3780 2492 3833 verschiedenen

405 3855 562 3909 ntem,
587 3847 979 3912 rucksichtslos‚
1002 3848 1099 3898 wie
1124 3849 1205 3898 ein
1230 3864 1334 3899 un-
1433 3848 2000 3900 Wissenschaften
2091 3848 2290 3900 durch
2385 3851 2494 3899 ein

267 3915 614 3967 verschfimter
671 3915 982 3975 Schuldoer,
1044 3916 1136 3966 der
1193 3915 1334 3967 nieht
1433 3916 1603 3968 Band
1635 3907 2308 3982 zusammengehalten
2330 3931 2491 3966 wer-

269 3982 426 4035 dsran
459 3985 642 4046 denkt,
691 3984 832 4036 scine
865 3983 1121 4036 Schulden
1168 3985 1327 4039 abzu·
1434 3984 1619 4049 den„
1650 3987 1765 4035 wie
1834 3986 1937 4036 die
2003 3985 2499 4036 Beredsamkeit

266 4059 462 4118 tugen.
1431 4051 1643 4103 selbst
1673 4062 1843 4103 trotz
1873 4051 2052 4103 ihrer
2070 4051 2489 4104 verschiede-

335 4134 487 4184 posse
510 4119 729 4181 debere,
764 4119 855 4170 mit
875 4118 1205 4185 Auslassung
1225 4134 1330 4171 von
1431 4134 1551 4170 nen
1597 4119 2002 4188 Richtnngen
2049 4135 2166 4172 nur
2209 4120 2352 4172 eine
2398 4121 2501 4171 ist

267 4200 371 4252 me,
416 4188 581 4238 wiell
613 4186 709 4254 33,
744 4196 821 4238 142
854 4201 952 4237 von
986 4203 1060 4238 se.
1122 4186 1326 4250 debere,
1425 4187 1476 4249 5,
1503 4185 1672 4251 19—6,
1696 4197 1765 4242 25.
