<?xml version="1.0" encoding="UTF-8"?>
<!DOCTYPE html PUBLIC "-//W3C//DTD XHTML 1.0 Transitional//EN"
    "http://www.w3.org/TR/xhtml1/DTD/xhtml1-transitional.dtd">
<html xmlns="http://www.w3.org/1999/xhtml" xml:lang="en" lang="en">
 <head>
  <title>
</title>
<meta http-equiv="Content-Type" content="text/html;charset=utf-8" />
  <meta name='ocr-system' content='tesseract 3.04.00' />
  <meta name='ocr-capabilities' content='ocr_page ocr_carea ocr_par ocr_line ocrx_word'/>
</head>
<body>
  <div class='ocr_page' id='page_1' title='image "./deoratore00pidegoog_0203.png"; bbox 0 0 2930 4693; ppageno 0'>
   <div class='ocr_carea' id='block_1_1' title="bbox 789 246 1852 313">
    <p class='ocr_par' dir='ltr' id='par_1_1' title="bbox 789 246 1852 313">
     <span class='ocr_line' id='line_1_1' title="bbox 789 246 1852 313; baseline -0.002 -1"><span class='ocrx_word' id='word_1_1' title='bbox 789 248 891 312; x_wconf 76' lang='lat' dir='ltr'><strong>DE</strong></span> <span class='ocrx_word' id='word_1_2' title='bbox 918 246 1276 313; x_wconf 75' lang='lat' dir='ltr'><strong>ORATORE</strong></span> <span class='ocrx_word' id='word_1_3' title='bbox 1314 248 1367 311; x_wconf 89' lang='lat'><strong>11</strong></span> <span class='ocrx_word' id='word_1_4' title='bbox 1398 247 1502 312; x_wconf 84' lang='lat'><strong>28.</strong></span> <span class='ocrx_word' id='word_1_5' title='bbox 1547 255 1852 310; x_wconf 80' lang='lat'>117—119.</span> 
     </span>
    </p>
   </div>
   <div class='ocr_carea' id='block_1_2' title="bbox 2314 256 2438 320">
    <p class='ocr_par' dir='ltr' id='par_1_2' title="bbox 2314 256 2438 320">
     <span class='ocr_line' id='line_1_2' title="bbox 2314 256 2438 320; baseline 0 -1"><span class='ocrx_word' id='word_1_6' title='bbox 2314 256 2438 320; x_wconf 84' lang='grc'><strong>135</strong></span> 
     </span>
    </p>
   </div>
   <div class='ocr_carea' id='block_1_3' title="bbox 199 416 2574 1520">
    <p class='ocr_par' dir='ltr' id='par_1_3' title="bbox 199 416 2574 1520">
     <span class='ocr_line' id='line_1_3' title="bbox 200 416 2440 500; baseline 0.001 -20"><span class='ocrx_word' id='word_1_7' title='bbox 200 416 439 480; x_wconf 79' lang='lat' dir='ltr'><strong>tabulae</strong></span> <span class='ocrx_word' id='word_1_8' title='bbox 457 465 474 489; x_wconf 87' lang='lat'><em>,</em></span> <span class='ocrx_word' id='word_1_9' title='bbox 522 419 889 489; x_wconf 77' lang='lat' dir='ltr'><strong>testimonia,</strong></span> <span class='ocrx_word' id='word_1_10' title='bbox 939 427 1142 499; x_wconf 87' lang='lat' dir='ltr'><strong>pacta,</strong></span> <span class='ocrx_word' id='word_1_11' title='bbox 1187 426 1506 492; x_wconf 86' lang='lat' dir='ltr'><strong>conventa,</strong></span> <span class='ocrx_word' id='word_1_12' title='bbox 1538 421 1914 500; x_wconf 77' lang='lat' dir='ltr'><strong>quaestiones</strong></span> <span class='ocrx_word' id='word_1_13' title='bbox 1931 467 1948 491; x_wconf 87' lang='lat'><em>,</em></span> <span class='ocrx_word' id='word_1_14' title='bbox 1978 419 2168 500; x_wconf 81' lang='lat' dir='ltr'><strong>leges,</strong></span> <span class='ocrx_word' id='word_1_15' title='bbox 2199 428 2440 483; x_wconf 87' lang='lat' dir='ltr'><strong>senatus</strong></span> 
     </span>
     <span class='ocr_line' id='line_1_4' title="bbox 201 503 2435 585; baseline 0.002 -21"><span class='ocrx_word' id='word_1_16' title='bbox 201 503 502 573; x_wconf 79' lang='lat' dir='ltr'><strong>consulta,</strong></span> <span class='ocrx_word' id='word_1_17' title='bbox 559 522 657 565; x_wconf 89' lang='lat' dir='ltr'><strong>res</strong></span> <span class='ocrx_word' id='word_1_18' title='bbox 696 503 1017 576; x_wconf 84' lang='lat' dir='ltr'><strong>iudicatae,</strong></span> <span class='ocrx_word' id='word_1_19' title='bbox 1061 505 1330 575; x_wconf 87' lang='lat' dir='ltr'><strong>decreta,</strong></span> <span class='ocrx_word' id='word_1_20' title='bbox 1373 523 1689 585; x_wconf 87' lang='lat' dir='ltr'><strong>responsa,</strong></span> <span class='ocrx_word' id='word_1_21' title='bbox 1733 504 1986 585; x_wconf 87' lang='lat' dir='ltr'><strong>reliqua,</strong></span> <span class='ocrx_word' id='word_1_22' title='bbox 2020 507 2072 567; x_wconf 91' lang='lat' dir='ltr'><strong>si</strong></span> <span class='ocrx_word' id='word_1_23' title='bbox 2099 524 2251 585; x_wconf 85' lang='lat' dir='ltr'><strong>quae</strong></span> <span class='ocrx_word' id='word_1_24' title='bbox 2280 515 2435 577; x_wconf 87' lang='lat' dir='ltr'><strong>sunt,</strong></span> 
     </span>
     <span class='ocr_line' id='line_1_5' title="bbox 200 587 2436 671; baseline 0.001 -22"><span class='ocrx_word' id='word_1_25' title='bbox 200 607 356 669; x_wconf 89' lang='lat' dir='ltr'><strong>quae</strong></span> <span class='ocrx_word' id='word_1_26' title='bbox 387 606 508 650; x_wconf 90' lang='lat' dir='ltr'><strong>non</strong></span> <span class='ocrx_word' id='word_1_27' title='bbox 538 587 613 650; x_wconf 87' lang='lat' dir='ltr'><strong>ab</strong></span> <span class='ocrx_word' id='word_1_28' title='bbox 644 596 882 650; x_wconf 83' lang='lat' dir='ltr'><strong>oratore</strong></span> <span class='ocrx_word' id='word_1_29' title='bbox 911 591 1255 669; x_wconf 87' lang='lat' dir='ltr'><strong>pariuntur,</strong></span> <span class='ocrx_word' id='word_1_30' title='bbox 1308 589 1414 650; x_wconf 90' lang='lat' dir='ltr'><strong>sed</strong></span> <span class='ocrx_word' id='word_1_31' title='bbox 1457 590 1534 651; x_wconf 91' lang='lat' dir='ltr'><strong>ad</strong></span> <span class='ocrx_word' id='word_1_32' title='bbox 1577 597 1875 652; x_wconf 85' lang='lat' dir='ltr'><strong>oratorem</strong></span> <span class='ocrx_word' id='word_1_33' title='bbox 1917 609 1950 651; x_wconf 89' lang='lat' dir='ltr'><strong>a</strong></span> <span class='ocrx_word' id='word_1_34' title='bbox 1981 609 2156 652; x_wconf 89' lang='lat' dir='ltr'><strong>causa</strong></span> <span class='ocrx_word' id='word_1_35' title='bbox 2198 597 2373 671; x_wconf 87' lang='lat' dir='ltr'><strong>atque</strong></span> <span class='ocrx_word' id='word_1_36' title='bbox 2404 609 2436 652; x_wconf 92' lang='lat' dir='ltr'><strong>a</strong></span> 
     </span>
     <span class='ocr_line' id='line_1_6' title="bbox 201 672 2436 755; baseline 0.001 -21"><span class='ocrx_word' id='word_1_37' title='bbox 201 675 324 734; x_wconf 90' lang='lat' dir='ltr'><strong>reis</strong></span> <span class='ocrx_word' id='word_1_38' title='bbox 374 672 752 744; x_wconf 61' lang='lat' dir='ltr'><strong>desei-nutum</strong></span> <span class='ocrx_word' id='word_1_39' title='bbox 806 673 992 735; x_wconf 90' lang='lat' dir='ltr'><strong>altera</strong></span> <span class='ocrx_word' id='word_1_40' title='bbox 1034 682 1149 745; x_wconf 87' lang='lat' dir='ltr'><strong>est,</strong></span> <span class='ocrx_word' id='word_1_41' title='bbox 1203 692 1354 754; x_wconf 87' lang='lat' dir='ltr'><strong>quae</strong></span> <span class='ocrx_word' id='word_1_42' title='bbox 1395 682 1517 735; x_wconf 85' lang='lat' dir='ltr'><strong>tota</strong></span> <span class='ocrx_word' id='word_1_43' title='bbox 1561 676 1623 735; x_wconf 91' lang='lat' dir='ltr'><strong>in</strong></span> <span class='ocrx_word' id='word_1_44' title='bbox 1655 674 2050 755; x_wconf 81' lang='lat' dir='ltr'><strong>disputatione</strong></span> <span class='ocrx_word' id='word_1_45' title='bbox 2080 683 2142 736; x_wconf 89' lang='lat' dir='ltr'><strong>et</strong></span> <span class='ocrx_word' id='word_1_46' title='bbox 2167 676 2231 737; x_wconf 87' lang='lat' dir='ltr'><strong>in</strong></span> <span class='ocrx_word' id='word_1_47' title='bbox 2261 693 2436 754; x_wconf 84' lang='lat' dir='ltr'><strong>argu-</strong></span> 
     </span>
     <span class='ocr_line' id='line_1_7' title="bbox 199 758 2574 840; baseline 0.003 -20"><span class='ocrx_word' id='word_1_48' title='bbox 199 759 568 820; x_wconf 77' lang='lat' dir='ltr'><strong>mentatione</strong></span> <span class='ocrx_word' id='word_1_49' title='bbox 598 759 852 820; x_wconf 75' lang='lat' dir='ltr'><strong>oratoris</strong></span> <span class='ocrx_word' id='word_1_50' title='bbox 882 758 1167 821; x_wconf 84' lang='lat' dir='ltr'><strong>collocata</strong></span> <span class='ocrx_word' id='word_1_51' title='bbox 1197 766 1304 820; x_wconf 85' lang='lat' dir='ltr'><strong>est.</strong></span> <span class='ocrx_word' id='word_1_52' title='bbox 1391 760 1480 821; x_wconf 88' lang='lat' dir='ltr'><strong>Ita</strong></span> <span class='ocrx_word' id='word_1_53' title='bbox 1519 762 1583 820; x_wconf 92' lang='lat' dir='ltr'><strong>in</strong></span> <span class='ocrx_word' id='word_1_54' title='bbox 1622 761 1932 840; x_wconf 79' lang='lat' dir='ltr'><strong>superiore</strong></span> <span class='ocrx_word' id='word_1_55' title='bbox 1961 777 2181 838; x_wconf 80' lang='lat' dir='ltr'><strong>genere</strong></span> <span class='ocrx_word' id='word_1_56' title='bbox 2211 760 2288 821; x_wconf 93' lang='lat' dir='ltr'><strong>de</strong></span> <span class='ocrx_word' id='word_1_57' title='bbox 2316 767 2437 821; x_wconf 87' lang='lat' dir='ltr'><strong>tra·</strong></span> <span class='ocrx_word' id='word_1_58' title='bbox 2477 773 2574 827; x_wconf 86' lang='lat'><strong>117</strong></span> 
     </span>
     <span class='ocr_line' id='line_1_8' title="bbox 201 843 2437 924; baseline 0.001 -21"><span class='ocrx_word' id='word_1_59' title='bbox 201 843 436 904; x_wconf 88' lang='lat' dir='ltr'><strong>ctandis</strong></span> <span class='ocrx_word' id='word_1_60' title='bbox 464 845 848 923; x_wconf 83' lang='lat' dir='ltr'><strong>argumentis,</strong></span> <span class='ocrx_word' id='word_1_61' title='bbox 877 845 942 904; x_wconf 90' lang='lat' dir='ltr'><strong>in</strong></span> <span class='ocrx_word' id='word_1_62' title='bbox 971 844 1088 905; x_wconf 90' lang='lat' dir='ltr'><strong>hoc</strong></span> <span class='ocrx_word' id='word_1_63' title='bbox 1117 852 1313 906; x_wconf 88' lang='lat' dir='ltr'><strong>autem</strong></span> <span class='ocrx_word' id='word_1_64' title='bbox 1345 846 1524 906; x_wconf 86' lang='lat' dir='ltr'><strong>etiam</strong></span> <span class='ocrx_word' id='word_1_65' title='bbox 1557 844 1631 905; x_wconf 91' lang='lat' dir='ltr'><strong>de</strong></span> <span class='ocrx_word' id='word_1_66' title='bbox 1659 844 2031 906; x_wconf 83' lang='lat' dir='ltr'><strong>inveniendis</strong></span> <span class='ocrx_word' id='word_1_67' title='bbox 2061 844 2437 924; x_wconf 80' lang='lat' dir='ltr'><strong>cogitandum</strong></span> 
     </span>
     <span class='ocr_line' id='line_1_9' title="bbox 202 928 2438 1010; baseline -0 -19"><span class='ocrx_word' id='word_1_68' title='bbox 202 934 314 991; x_wconf 88' lang='lat' dir='ltr'><strong>est.</strong></span> <span class='ocrx_word' id='word_1_69' title='bbox 395 930 585 1008; x_wconf 79' lang='lat' dir='ltr'><strong>Atque</strong></span> <span class='ocrx_word' id='word_1_70' title='bbox 612 930 713 989; x_wconf 85' lang='lat' dir='ltr'><strong>isti</strong></span> <span class='ocrx_word' id='word_1_71' title='bbox 752 928 1023 1009; x_wconf 86' lang='lat' dir='ltr'><strong>quidem,</strong></span> <span class='ocrx_word' id='word_1_72' title='bbox 1076 930 1179 1010; x_wconf 85' lang='lat' dir='ltr'><strong>qui</strong></span> <span class='ocrx_word' id='word_1_73' title='bbox 1219 928 1467 1000; x_wconf 83' lang='lat' dir='ltr'><strong>docent,</strong></span> <span class='ocrx_word' id='word_1_74' title='bbox 1521 948 1657 991; x_wconf 88' lang='lat' dir='ltr'><strong>cum</strong></span> <span class='ocrx_word' id='word_1_75' title='bbox 1688 947 1895 991; x_wconf 90' lang='lat' dir='ltr'><strong>causas</strong></span> <span class='ocrx_word' id='word_1_76' title='bbox 1923 930 1987 990; x_wconf 90' lang='lat' dir='ltr'><strong>in</strong></span> <span class='ocrx_word' id='word_1_77' title='bbox 2015 928 2188 1009; x_wconf 88' lang='lat' dir='ltr'><strong>plura</strong></span> <span class='ocrx_word' id='word_1_78' title='bbox 2219 947 2438 1009; x_wconf 85' lang='lat' dir='ltr'><strong>genera</strong></span> 
     </span>
     <span class='ocr_line' id='line_1_10' title="bbox 200 1012 2436 1094; baseline 0.001 -21"><span class='ocrx_word' id='word_1_79' title='bbox 200 1020 553 1084; x_wconf 82' lang='lat' dir='ltr'><strong>secuerunt,</strong></span> <span class='ocrx_word' id='word_1_80' title='bbox 605 1012 855 1092; x_wconf 86' lang='lat' dir='ltr'><strong>singulis</strong></span> <span class='ocrx_word' id='word_1_81' title='bbox 905 1013 1227 1092; x_wconf 80' lang='lat' dir='ltr'><strong>generibus</strong></span> <span class='ocrx_word' id='word_1_82' title='bbox 1271 1023 1762 1093; x_wconf 79' lang='lat' dir='ltr'><strong>argumentorum</strong></span> <span class='ocrx_word' id='word_1_83' title='bbox 1806 1016 2038 1094; x_wconf 88' lang='lat' dir='ltr'><strong>copiam</strong></span> <span class='ocrx_word' id='word_1_84' title='bbox 2089 1022 2436 1094; x_wconf 82' lang='lat' dir='ltr'><strong>suggerunt.</strong></span> 
     </span>
     <span class='ocr_line' id='line_1_11' title="bbox 202 1097 2437 1181; baseline 0 -22"><span class='ocrx_word' id='word_1_85' title='bbox 202 1097 377 1169; x_wconf 87' lang='lat' dir='ltr'><strong>Quod</strong></span> <span class='ocrx_word' id='word_1_86' title='bbox 409 1099 640 1181; x_wconf 82' lang='lat' dir='ltr'><strong>etiamsi</strong></span> <span class='ocrx_word' id='word_1_87' title='bbox 668 1098 745 1159; x_wconf 89' lang='lat' dir='ltr'><strong>ad</strong></span> <span class='ocrx_word' id='word_1_88' title='bbox 772 1099 1168 1161; x_wconf 86' lang='lat' dir='ltr'><strong>instituendos</strong></span> <span class='ocrx_word' id='word_1_89' title='bbox 1198 1097 1672 1161; x_wconf 88' lang='lat' dir='ltr'><strong>adulescentulos</strong></span> <span class='ocrx_word' id='word_1_90' title='bbox 1712 1101 1899 1178; x_wconf 79' lang='lat' dir='ltr'><strong>magis</strong></span> <span class='ocrx_word' id='word_1_91' title='bbox 1941 1107 2143 1179; x_wconf 86' lang='lat' dir='ltr'><strong>aptum</strong></span> <span class='ocrx_word' id='word_1_92' title='bbox 2186 1107 2305 1170; x_wconf 89' lang='lat' dir='ltr'><strong>est,</strong></span> <span class='ocrx_word' id='word_1_93' title='bbox 2354 1107 2437 1170; x_wconf 84' lang='lat' dir='ltr'><strong>ut,</strong></span> 
     </span>
     <span class='ocr_line' id='line_1_12' title="bbox 201 1181 2438 1264; baseline 0.001 -21"><span class='ocrx_word' id='word_1_94' title='bbox 201 1181 452 1244; x_wconf 85' lang='lat' dir='ltr'><strong>simulac</strong></span> <span class='ocrx_word' id='word_1_95' title='bbox 481 1185 673 1264; x_wconf 87' lang='lat' dir='ltr'><strong>posita</strong></span> <span class='ocrx_word' id='word_1_96' title='bbox 702 1185 779 1245; x_wconf 86' lang='lat' dir='ltr'><strong>sit</strong></span> <span class='ocrx_word' id='word_1_97' title='bbox 808 1201 1012 1255; x_wconf 89' lang='lat' dir='ltr'><strong>causa,</strong></span> <span class='ocrx_word' id='word_1_98' title='bbox 1058 1182 1321 1245; x_wconf 87' lang='lat' dir='ltr'><strong>habeant</strong></span> <span class='ocrx_word' id='word_1_99' title='bbox 1347 1203 1467 1264; x_wconf 89' lang='lat' dir='ltr'><strong>quo</strong></span> <span class='ocrx_word' id='word_1_100' title='bbox 1496 1203 1561 1246; x_wconf 91' lang='lat' dir='ltr'><strong>se</strong></span> <span class='ocrx_word' id='word_1_101' title='bbox 1591 1184 1884 1256; x_wconf 82' lang='lat' dir='ltr'><strong>referant,</strong></span> <span class='ocrx_word' id='word_1_102' title='bbox 1918 1183 2078 1246; x_wconf 86' lang='lat' dir='ltr'><strong>unde</strong></span> <span class='ocrx_word' id='word_1_103' title='bbox 2107 1186 2305 1245; x_wconf 78' lang='lat' dir='ltr'><strong>statim</strong></span> <span class='ocrx_word' id='word_1_104' title='bbox 2337 1203 2438 1245; x_wconf 87' lang='lat' dir='ltr'><strong>ex-</strong></span> 
     </span>
     <span class='ocr_line' id='line_1_13' title="bbox 201 1267 2438 1350; baseline 0.001 -22"><span class='ocrx_word' id='word_1_105' title='bbox 201 1267 405 1347; x_wconf 81' lang='lat' dir='ltr'><strong>pedita</strong></span> <span class='ocrx_word' id='word_1_106' title='bbox 432 1270 662 1348; x_wconf 86' lang='lat' dir='ltr'><strong>possint</strong></span> <span class='ocrx_word' id='word_1_107' title='bbox 691 1276 1039 1347; x_wconf 83' lang='lat' dir='ltr'><strong>argumenta</strong></span> <span class='ocrx_word' id='word_1_108' title='bbox 1071 1269 1455 1350; x_wconf 82' lang='lat' dir='ltr'><strong>depromere:</strong></span> <span class='ocrx_word' id='word_1_109' title='bbox 1488 1276 1688 1332; x_wconf 85' lang='lat' dir='ltr'><strong>tamen</strong></span> <span class='ocrx_word' id='word_1_110' title='bbox 1720 1276 1780 1330; x_wconf 89' lang='lat' dir='ltr'><strong>et</strong></span> <span class='ocrx_word' id='word_1_111' title='bbox 1811 1269 1963 1330; x_wconf 87' lang='lat' dir='ltr'><strong>tardi</strong></span> <span class='ocrx_word' id='word_1_112' title='bbox 1989 1270 2217 1349; x_wconf 81' lang='lat' dir='ltr'><strong>ingenii</strong></span> <span class='ocrx_word' id='word_1_113' title='bbox 2239 1275 2329 1330; x_wconf 86' lang='lat' dir='ltr'><strong>est</strong></span> <span class='ocrx_word' id='word_1_114' title='bbox 2357 1270 2438 1330; x_wconf 92' lang='lat' dir='ltr'><strong>ri-</strong></span> 
     </span>
     <span class='ocr_line' id='line_1_14' title="bbox 201 1351 2438 1424; baseline 0.001 -11"><span class='ocrx_word' id='word_1_115' title='bbox 201 1351 372 1413; x_wconf 84' lang='lat' dir='ltr'><strong>vulos</strong></span> <span class='ocrx_word' id='word_1_116' title='bbox 400 1355 759 1424; x_wconf 83' lang='lat' dir='ltr'><strong>consectari,</strong></span> <span class='ocrx_word' id='word_1_117' title='bbox 793 1353 988 1415; x_wconf 82' lang='lat' dir='ltr'><strong>fontes</strong></span> <span class='ocrx_word' id='word_1_118' title='bbox 1016 1372 1221 1416; x_wconf 89' lang='lat' dir='ltr'><strong>rerum</strong></span> <span class='ocrx_word' id='word_1_119' title='bbox 1253 1373 1375 1415; x_wconf 89' lang='lat' dir='ltr'><strong>non</strong></span> <span class='ocrx_word' id='word_1_120' title='bbox 1404 1354 1639 1424; x_wconf 83' lang='lat' dir='ltr'><strong>videre,</strong></span> <span class='ocrx_word' id='word_1_121' title='bbox 1673 1361 1733 1415; x_wconf 87' lang='lat' dir='ltr'><strong>et</strong></span> <span class='ocrx_word' id='word_1_122' title='bbox 1760 1355 1880 1415; x_wconf 85' lang='lat' dir='ltr'><strong>iam</strong></span> <span class='ocrx_word' id='word_1_123' title='bbox 1911 1356 2120 1415; x_wconf 85' lang='lat' dir='ltr'><strong>aetatis</strong></span> <span class='ocrx_word' id='word_1_124' title='bbox 2149 1361 2240 1416; x_wconf 85' lang='lat' dir='ltr'><strong>est</strong></span> <span class='ocrx_word' id='word_1_125' title='bbox 2269 1372 2438 1416; x_wconf 86' lang='lat' dir='ltr'><strong>usus-</strong></span> 
     </span>
     <span class='ocr_line' id='line_1_15' title="bbox 202 1437 2441 1520; baseline 0.001 -23"><span class='ocrx_word' id='word_1_126' title='bbox 202 1455 323 1517; x_wconf 89' lang='lat' dir='ltr'><strong>que</strong></span> <span class='ocrx_word' id='word_1_127' title='bbox 352 1439 568 1509; x_wconf 87' lang='lat' dir='ltr'><strong>nostri,</strong></span> <span class='ocrx_word' id='word_1_128' title='bbox 601 1456 636 1500; x_wconf 86' lang='lat' dir='ltr'><strong>a</strong></span> <span class='ocrx_word' id='word_1_129' title='bbox 665 1439 857 1520; x_wconf 89' lang='lat' dir='ltr'><strong>capite</strong></span> <span class='ocrx_word' id='word_1_130' title='bbox 885 1439 1047 1520; x_wconf 88' lang='lat' dir='ltr'><strong>quod</strong></span> <span class='ocrx_word' id='word_1_131' title='bbox 1077 1437 1324 1502; x_wconf 85' lang='lat' dir='ltr'><strong>velimus</strong></span> <span class='ocrx_word' id='word_1_132' title='bbox 1354 1457 1661 1501; x_wconf 81' lang='lat' dir='ltr'><strong>arcessere</strong></span> <span class='ocrx_word' id='word_1_133' title='bbox 1690 1446 1751 1501; x_wconf 90' lang='lat' dir='ltr'><strong>et</strong></span> <span class='ocrx_word' id='word_1_134' title='bbox 1778 1439 1937 1500; x_wconf 85' lang='lat' dir='ltr'><strong>unde</strong></span> <span class='ocrx_word' id='word_1_135' title='bbox 1968 1440 2168 1501; x_wconf 89' lang='lat' dir='ltr'><strong>omnia</strong></span> <span class='ocrx_word' id='word_1_136' title='bbox 2196 1446 2441 1502; x_wconf 89' lang='lat' dir='ltr'><strong>manent</strong></span> 
     </span>
    </p>
   </div>
   <div class='ocr_carea' id='block_1_4' title="bbox 200 1521 426 1584">
    <p class='ocr_par' dir='ltr' id='par_1_4' title="bbox 200 1521 426 1584">
     <span class='ocr_line' id='line_1_16' title="bbox 200 1521 426 1584; baseline 0.013 -3"><span class='ocrx_word' id='word_1_137' title='bbox 200 1521 426 1584; x_wconf 84' lang='lat' dir='ltr'><strong>videre.</strong></span> 
     </span>
    </p>
   </div>
   <div class='ocr_carea' id='block_1_5' title="bbox 206 1607 2575 2285">
    <p class='ocr_par' dir='ltr' id='par_1_5' title="bbox 206 1607 2575 2285">
     <span class='ocr_line' id='line_1_17' title="bbox 375 1607 2575 1691; baseline 0 -23"><span class='ocrx_word' id='word_1_138' title='bbox 375 1607 451 1668; x_wconf 86' lang='lat' dir='ltr'><strong>Et</strong></span> <span class='ocrx_word' id='word_1_139' title='bbox 478 1608 737 1688; x_wconf 89' lang='lat' dir='ltr'><strong>primum</strong></span> <span class='ocrx_word' id='word_1_140' title='bbox 767 1625 957 1687; x_wconf 79' lang='lat' dir='ltr'><strong>genus</strong></span> <span class='ocrx_word' id='word_1_141' title='bbox 984 1608 1131 1670; x_wconf 92' lang='lat' dir='ltr'><strong>illud</strong></span> <span class='ocrx_word' id='word_1_142' title='bbox 1163 1627 1370 1671; x_wconf 86' lang='lat' dir='ltr'><strong>earum</strong></span> <span class='ocrx_word' id='word_1_143' title='bbox 1413 1627 1649 1680; x_wconf 88' lang='lat' dir='ltr'><strong>rerum,</strong></span> <span class='ocrx_word' id='word_1_144' title='bbox 1703 1626 1855 1691; x_wconf 83' lang='lat' dir='ltr'><strong>quae</strong></span> <span class='ocrx_word' id='word_1_145' title='bbox 1900 1608 1975 1670; x_wconf 92' lang='lat' dir='ltr'><strong>ad</strong></span> <span class='ocrx_word' id='word_1_146' title='bbox 2006 1615 2304 1671; x_wconf 86' lang='lat' dir='ltr'><strong>oratorem</strong></span> <span class='ocrx_word' id='word_1_147' title='bbox 2336 1608 2439 1669; x_wconf 88' lang='lat' dir='ltr'><strong>de·</strong></span> <span class='ocrx_word' id='word_1_148' title='bbox 2473 1623 2575 1677; x_wconf 87' lang='lat'><strong>118</strong></span> 
     </span>
     <span class='ocr_line' id='line_1_18' title="bbox 206 1691 2439 1775; baseline 0.001 -24"><span class='ocrx_word' id='word_1_149' title='bbox 206 1691 500 1764; x_wconf 78' lang='lat' dir='ltr'><strong>feruntur,</strong></span> <span class='ocrx_word' id='word_1_150' title='bbox 531 1692 879 1755; x_wconf 87' lang='lat' dir='ltr'><strong>meditatum</strong></span> <span class='ocrx_word' id='word_1_151' title='bbox 910 1693 1082 1755; x_wconf 87' lang='lat' dir='ltr'><strong>nobis</strong></span> <span class='ocrx_word' id='word_1_152' title='bbox 1108 1695 1173 1754; x_wconf 90' lang='lat' dir='ltr'><strong>in</strong></span> <span class='ocrx_word' id='word_1_153' title='bbox 1202 1702 1558 1775; x_wconf 88' lang='lat' dir='ltr'><strong>perpetuum</strong></span> <span class='ocrx_word' id='word_1_154' title='bbox 1590 1693 1663 1754; x_wconf 86' lang='lat' dir='ltr'><strong>ad</strong></span> <span class='ocrx_word' id='word_1_155' title='bbox 1694 1712 1933 1756; x_wconf 89' lang='lat' dir='ltr'><strong>omnem</strong></span> <span class='ocrx_word' id='word_1_156' title='bbox 1962 1713 2137 1755; x_wconf 85' lang='lat' dir='ltr'><strong>usum</strong></span> <span class='ocrx_word' id='word_1_157' title='bbox 2157 1692 2439 1755; x_wconf 84' lang='lat' dir='ltr'><strong>similium</strong></span> 
     </span>
     <span class='ocr_line' id='line_1_19' title="bbox 206 1777 2440 1860; baseline 0.001 -23"><span class='ocrx_word' id='word_1_158' title='bbox 206 1795 412 1838; x_wconf 91' lang='lat' dir='ltr'><strong>rerum</strong></span> <span class='ocrx_word' id='word_1_159' title='bbox 443 1796 571 1839; x_wconf 89' lang='lat' dir='ltr'><strong>esse</strong></span> <span class='ocrx_word' id='word_1_160' title='bbox 601 1777 860 1839; x_wconf 78' lang='lat' dir='ltr'><strong>debebit.</strong></span> <span class='ocrx_word' id='word_1_161' title='bbox 950 1778 1100 1840; x_wconf 90' lang='lat' dir='ltr'><strong>Nam</strong></span> <span class='ocrx_word' id='word_1_162' title='bbox 1142 1785 1202 1840; x_wconf 89' lang='lat' dir='ltr'><strong>et</strong></span> <span class='ocrx_word' id='word_1_163' title='bbox 1242 1799 1355 1860; x_wconf 89' lang='lat' dir='ltr'><strong>pro</strong></span> <span class='ocrx_word' id='word_1_164' title='bbox 1396 1778 1614 1840; x_wconf 87' lang='lat' dir='ltr'><strong>tabulis</strong></span> <span class='ocrx_word' id='word_1_165' title='bbox 1656 1787 1716 1841; x_wconf 89' lang='lat' dir='ltr'><strong>et</strong></span> <span class='ocrx_word' id='word_1_166' title='bbox 1744 1785 1952 1840; x_wconf 87' lang='lat' dir='ltr'><strong>contra</strong></span> <span class='ocrx_word' id='word_1_167' title='bbox 1981 1777 2213 1840; x_wconf 87' lang='lat' dir='ltr'><strong>tabulas</strong></span> <span class='ocrx_word' id='word_1_168' title='bbox 2240 1785 2301 1839; x_wconf 86' lang='lat' dir='ltr'><strong>et</strong></span> <span class='ocrx_word' id='word_1_169' title='bbox 2327 1796 2440 1859; x_wconf 87' lang='lat' dir='ltr'><strong>pro</strong></span> 
     </span>
     <span class='ocr_line' id='line_1_20' title="bbox 206 1861 2441 1944; baseline 0.001 -22"><span class='ocrx_word' id='word_1_170' title='bbox 206 1861 460 1924; x_wconf 86' lang='lat' dir='ltr'><strong>testibus</strong></span> <span class='ocrx_word' id='word_1_171' title='bbox 488 1871 550 1924; x_wconf 90' lang='lat' dir='ltr'><strong>et</strong></span> <span class='ocrx_word' id='word_1_172' title='bbox 578 1870 788 1925; x_wconf 87' lang='lat' dir='ltr'><strong>contra</strong></span> <span class='ocrx_word' id='word_1_173' title='bbox 817 1870 1001 1925; x_wconf 85' lang='lat' dir='ltr'><strong>testes</strong></span> <span class='ocrx_word' id='word_1_174' title='bbox 1031 1869 1091 1924; x_wconf 87' lang='lat' dir='ltr'><strong>et</strong></span> <span class='ocrx_word' id='word_1_175' title='bbox 1118 1882 1231 1944; x_wconf 91' lang='lat' dir='ltr'><strong>pro</strong></span> <span class='ocrx_word' id='word_1_176' title='bbox 1261 1863 1707 1943; x_wconf 82' lang='lat' dir='ltr'><strong>quaestionibus</strong></span> <span class='ocrx_word' id='word_1_177' title='bbox 1736 1871 1798 1926; x_wconf 86' lang='lat' dir='ltr'><strong>et</strong></span> <span class='ocrx_word' id='word_1_178' title='bbox 1826 1869 2034 1925; x_wconf 88' lang='lat' dir='ltr'><strong>contra</strong></span> <span class='ocrx_word' id='word_1_179' title='bbox 2063 1865 2441 1944; x_wconf 78' lang='lat' dir='ltr'><strong>quaestiones</strong></span> 
     </span>
     <span class='ocr_line' id='line_1_21' title="bbox 209 1948 2437 2030; baseline 0.001 -23"><span class='ocrx_word' id='word_1_180' title='bbox 209 1955 271 2009; x_wconf 88' lang='lat' dir='ltr'><strong>et</strong></span> <span class='ocrx_word' id='word_1_181' title='bbox 310 1949 452 2009; x_wconf 86' lang='lat' dir='ltr'><strong>item</strong></span> <span class='ocrx_word' id='word_1_182' title='bbox 493 1948 569 2008; x_wconf 93' lang='lat' dir='ltr'><strong>de</strong></span> <span class='ocrx_word' id='word_1_183' title='bbox 610 1950 824 2010; x_wconf 86' lang='lat' dir='ltr'><strong>ceteris</strong></span> <span class='ocrx_word' id='word_1_184' title='bbox 867 1948 1049 2010; x_wconf 85' lang='lat' dir='ltr'><strong>rebus</strong></span> <span class='ocrx_word' id='word_1_185' title='bbox 1079 1949 1343 2012; x_wconf 87' lang='lat' dir='ltr'><strong>eiusdem</strong></span> <span class='ocrx_word' id='word_1_186' title='bbox 1374 1951 1612 2027; x_wconf 83' lang='lat' dir='ltr'><strong>generis</strong></span> <span class='ocrx_word' id='word_1_187' title='bbox 1639 1948 1732 2010; x_wconf 81' lang='lat' dir='ltr'><strong>vel</strong></span> <span class='ocrx_word' id='word_1_188' title='bbox 1761 1950 2079 2030; x_wconf 82' lang='lat' dir='ltr'><strong>separatim</strong></span> <span class='ocrx_word' id='word_1_189' title='bbox 2112 1948 2312 2010; x_wconf 87' lang='lat' dir='ltr'><strong>dicere</strong></span> <span class='ocrx_word' id='word_1_190' title='bbox 2343 1967 2437 2009; x_wconf 88' lang='lat' dir='ltr'><strong>so-</strong></span> 
     </span>
     <span class='ocr_line' id='line_1_22' title="bbox 208 2030 2440 2115; baseline 0.001 -24"><span class='ocrx_word' id='word_1_191' title='bbox 208 2030 403 2094; x_wconf 88' lang='lat' dir='ltr'><strong>lemus</strong></span> <span class='ocrx_word' id='word_1_192' title='bbox 432 2032 507 2093; x_wconf 93' lang='lat' dir='ltr'><strong>de</strong></span> <span class='ocrx_word' id='word_1_193' title='bbox 536 2050 759 2111; x_wconf 80' lang='lat' dir='ltr'><strong>genere</strong></span> <span class='ocrx_word' id='word_1_194' title='bbox 789 2034 1067 2096; x_wconf 83' lang='lat' dir='ltr'><strong>universo</strong></span> <span class='ocrx_word' id='word_1_195' title='bbox 1097 2033 1188 2095; x_wconf 87' lang='lat' dir='ltr'><strong>vel</strong></span> <span class='ocrx_word' id='word_1_196' title='bbox 1216 2033 1459 2095; x_wconf 82' lang='lat' dir='ltr'><strong>definite</strong></span> <span class='ocrx_word' id='word_1_197' title='bbox 1492 2034 1564 2095; x_wconf 92' lang='lat' dir='ltr'><strong>de</strong></span> <span class='ocrx_word' id='word_1_198' title='bbox 1591 2032 1841 2114; x_wconf 79' lang='lat' dir='ltr'><strong>singulis</strong></span> <span class='ocrx_word' id='word_1_199' title='bbox 1883 2033 2277 2115; x_wconf 83' lang='lat' dir='ltr'><strong>temporibus,</strong></span> <span class='ocrx_word' id='word_1_200' title='bbox 2332 2034 2440 2095; x_wconf 88' lang='lat' dir='ltr'><strong>ho-</strong></span> 
     </span>
     <span class='ocr_line' id='line_1_23' title="bbox 208 2116 2439 2200; baseline -0 -22"><span class='ocrx_word' id='word_1_201' title='bbox 208 2116 502 2188; x_wconf 80' lang='lat' dir='ltr'><strong>minibuS,</strong></span> <span class='ocrx_word' id='word_1_202' title='bbox 557 2118 779 2188; x_wconf 89' lang='lat' dir='ltr'><strong>causis;</strong></span> <span class='ocrx_word' id='word_1_203' title='bbox 833 2137 982 2199; x_wconf 90' lang='lat' dir='ltr'><strong>quos</strong></span> <span class='ocrx_word' id='word_1_204' title='bbox 1020 2118 1260 2199; x_wconf 90' lang='lat' dir='ltr'><strong>quidem</strong></span> <span class='ocrx_word' id='word_1_205' title='bbox 1302 2117 1467 2180; x_wconf 89' lang='lat' dir='ltr'><strong>locos</strong></span> <span class='ocrx_word' id='word_1_206' title='bbox 1520 2119 1704 2200; x_wconf 88' lang='lat' dir='ltr'><strong>(vobis</strong></span> <span class='ocrx_word' id='word_1_207' title='bbox 1732 2120 1877 2191; x_wconf 86' lang='lat' dir='ltr'><strong>hoc,</strong></span> <span class='ocrx_word' id='word_1_208' title='bbox 1911 2120 2078 2181; x_wconf 88' lang='lat' dir='ltr'><strong>Cotta</strong></span> <span class='ocrx_word' id='word_1_209' title='bbox 2108 2126 2169 2179; x_wconf 85' lang='lat' dir='ltr'><strong>et</strong></span> <span class='ocrx_word' id='word_1_210' title='bbox 2197 2117 2439 2198; x_wconf 87' lang='lat' dir='ltr'><strong>Sulpici,</strong></span> 
     </span>
     <span class='ocr_line' id='line_1_24' title="bbox 210 2201 2439 2285; baseline 0 -22"><span class='ocrx_word' id='word_1_211' title='bbox 210 2201 364 2284; x_wconf 89' lang='lat' dir='ltr'><strong>dico)</strong></span> <span class='ocrx_word' id='word_1_212' title='bbox 397 2201 578 2264; x_wconf 86' lang='lat' dir='ltr'><strong>multa</strong></span> <span class='ocrx_word' id='word_1_213' title='bbox 610 2205 1107 2266; x_wconf 83' lang='lat' dir='ltr'><strong>commentatione</strong></span> <span class='ocrx_word' id='word_1_214' title='bbox 1137 2211 1311 2285; x_wconf 86' lang='lat' dir='ltr'><strong>atque</strong></span> <span class='ocrx_word' id='word_1_215' title='bbox 1342 2203 1725 2267; x_wconf 82' lang='lat' dir='ltr'><strong>meditatione</strong></span> <span class='ocrx_word' id='word_1_216' title='bbox 1760 2210 2002 2285; x_wconf 86' lang='lat' dir='ltr'><strong>paratos</strong></span> <span class='ocrx_word' id='word_1_217' title='bbox 2042 2211 2219 2285; x_wconf 87' lang='lat' dir='ltr'><strong>atque</strong></span> <span class='ocrx_word' id='word_1_218' title='bbox 2262 2221 2439 2282; x_wconf 85' lang='lat' dir='ltr'><strong>expe-</strong></span> 
     </span>
    </p>
   </div>
   <div class='ocr_carea' id='block_1_6' title="bbox 210 2286 894 2354">
    <p class='ocr_par' dir='ltr' id='par_1_6' title="bbox 210 2286 894 2354">
     <span class='ocr_line' id='line_1_25' title="bbox 210 2286 894 2354; baseline 0.004 -6"><span class='ocrx_word' id='word_1_219' title='bbox 210 2286 365 2350; x_wconf 88' lang='lat' dir='ltr'><strong>ditos</strong></span> <span class='ocrx_word' id='word_1_220' title='bbox 394 2287 617 2351; x_wconf 86' lang='lat' dir='ltr'><strong>habere</strong></span> <span class='ocrx_word' id='word_1_221' title='bbox 648 2287 894 2354; x_wconf 85' lang='lat' dir='ltr'><strong>debetis.</strong></span> 
     </span>
    </p>
   </div>
   <div class='ocr_carea' id='block_1_7' title="bbox 205 2440 1281 4004">
    <p class='ocr_par' dir='ltr' id='par_1_7' title="bbox 205 2440 1281 3392">
     <span class='ocr_line' id='line_1_26' title="bbox 206 2440 1272 2508; baseline 0.001 -17"><span class='ocrx_word' id='word_1_222' title='bbox 206 2442 335 2508; x_wconf 84' lang='lat' dir='ltr'><strong>ipsis</strong></span> <span class='ocrx_word' id='word_1_223' title='bbox 359 2440 567 2504; x_wconf 86' lang='lat' dir='ltr'><strong>rebus),</strong></span> <span class='ocrx_word' id='word_1_224' title='bbox 602 2445 725 2493; x_wconf 86' lang='lat' dir='ltr'><strong>aber</strong></span> <span class='ocrx_word' id='word_1_225' title='bbox 756 2444 832 2494; x_wconf 87' lang='lat' dir='ltr'><strong>sie</strong></span> <span class='ocrx_word' id='word_1_226' title='bbox 866 2443 1113 2494; x_wconf 84' lang='lat' dir='ltr'><strong>bediirfen</strong></span> <span class='ocrx_word' id='word_1_227' title='bbox 1138 2443 1272 2494; x_wconf 86' lang='lat' dir='ltr'><strong>doch</strong></span> 
     </span>
     <span class='ocr_line' id='line_1_27' title="bbox 209 2508 1274 2577; baseline 0.004 -19"><span class='ocrx_word' id='word_1_228' title='bbox 209 2512 354 2560; x_wconf 85' lang='lat' dir='ltr'><strong>einer</strong></span> <span class='ocrx_word' id='word_1_229' title='bbox 410 2510 935 2577; x_wconf 77' lang='lat' dir='ltr'><strong>ordnungsma&#39;issigen</strong></span> <span class='ocrx_word' id='word_1_230' title='bbox 993 2508 1274 2577; x_wconf 85' lang='lat' dir='ltr'><strong>(methodi-</strong></span> 
     </span>
     <span class='ocr_line' id='line_1_28' title="bbox 208 2575 1272 2646; baseline 0.003 -19"><span class='ocrx_word' id='word_1_231' title='bbox 208 2575 396 2643; x_wconf 88' lang='lat' dir='ltr'><strong>schen)</strong></span> <span class='ocrx_word' id='word_1_232' title='bbox 432 2577 771 2644; x_wconf 79' lang='lat' dir='ltr'><strong>Behandlung</strong></span> <span class='ocrx_word' id='word_1_233' title='bbox 803 2577 837 2646; x_wconf 74' lang='lat' dir='ltr'>S</span> <span class='ocrx_word' id='word_1_234' title='bbox 860 2578 980 2630; x_wconf 83' lang='lat'>217.</span> <span class='ocrx_word' id='word_1_235' title='bbox 1031 2579 1115 2631; x_wconf 86' lang='lat' dir='ltr'><strong>Or.</strong></span> <span class='ocrx_word' id='word_1_236' title='bbox 1139 2589 1272 2645; x_wconf 82' lang='lat' dir='ltr'><strong>part.</strong></span> 
     </span>
     <span class='ocr_line' id='line_1_29' title="bbox 210 2645 1273 2706; baseline 0.001 -11"><span class='ocrx_word' id='word_1_237' title='bbox 210 2645 293 2706; x_wconf 81' lang='lat'><strong>14,</strong></span> <span class='ocrx_word' id='word_1_238' title='bbox 318 2654 388 2699; x_wconf 79' lang='lat'><strong>48.</strong></span> <span class='ocrx_word' id='word_1_239' title='bbox 424 2646 517 2695; x_wconf 90' lang='lat' dir='ltr'><strong>Die</strong></span> <span class='ocrx_word' id='word_1_240' title='bbox 540 2647 716 2706; x_wconf 86' lang='lat' dir='ltr'><strong>Quelle</strong></span> <span class='ocrx_word' id='word_1_241' title='bbox 739 2647 807 2697; x_wconf 87' lang='lat' dir='ltr'><strong>ist</strong></span> <span class='ocrx_word' id='word_1_242' title='bbox 834 2649 988 2698; x_wconf 80' lang='lat' dir='ltr'><strong>Arist.</strong></span> <span class='ocrx_word' id='word_1_243' title='bbox 1015 2646 1163 2697; x_wconf 86' lang='lat' dir='ltr'><strong>Rhet.</strong></span> <span class='ocrx_word' id='word_1_244' title='bbox 1192 2648 1215 2696; x_wconf 92' lang='lat'>1</span> <span class='ocrx_word' id='word_1_245' title='bbox 1238 2647 1273 2696; x_wconf 80' lang='lat'><strong>2</strong></span> 
     </span>
     <span class='ocr_line' id='line_1_30' title="bbox 206 2704 1281 2781; baseline 0.002 -17"><span class='ocrx_word' id='word_1_246' title='bbox 206 2711 320 2765; x_wconf 83' lang='grc' dir='ltr'><strong>τῶν</strong></span> <span class='ocrx_word' id='word_1_247' title='bbox 366 2706 433 2765; x_wconf 70' lang='grc' dir='ltr'><strong>δὲ</strong></span> <span class='ocrx_word' id='word_1_248' title='bbox 478 2713 724 2767; x_wconf 78' lang='grc' dir='ltr'><strong><em>πίστεων</em></strong></span> <span class='ocrx_word' id='word_1_249' title='bbox 779 2709 848 2767; x_wconf 80' lang='grc' dir='ltr'><strong>αἱ</strong></span> <span class='ocrx_word' id='word_1_250' title='bbox 887 2708 996 2781; x_wconf 71' lang='grc' dir='ltr'><strong>μὲν</strong></span> <span class='ocrx_word' id='word_1_251' title='bbox 1040 2704 1281 2781; x_wconf 74' lang='grc' dir='ltr'><strong><em>ἄτεχνοί</em></strong></span> 
     </span>
     <span class='ocr_line' id='line_1_31' title="bbox 210 2774 1270 2862; baseline 0.001 -29"><span class='ocrx_word' id='word_1_252' title='bbox 210 2777 360 2834; x_wconf 74' lang='grc' dir='ltr'><strong><em>εἰσιν</em></strong></span> <span class='ocrx_word' id='word_1_253' title='bbox 396 2775 466 2833; x_wconf 79' lang='grc' dir='ltr'><strong>αἱ</strong></span> <span class='ocrx_word' id='word_1_254' title='bbox 497 2774 550 2833; x_wconf 70' lang='lat'><strong>8&#39;</strong></span> <span class='ocrx_word' id='word_1_255' title='bbox 590 2777 865 2862; x_wconf 45' lang='grc' dir='ltr'><strong>ἔντεχνον</strong></span> <span class='ocrx_word' id='word_1_256' title='bbox 941 2776 1043 2834; x_wconf 76' lang='grc' dir='ltr'><strong>ἅτε</strong></span> <span class='ocrx_word' id='word_1_257' title='bbox 1083 2800 1157 2834; x_wconf 87' lang='grc' dir='ltr'><strong>να</strong></span> <span class='ocrx_word' id='word_1_258' title='bbox 1203 2778 1270 2834; x_wconf 68' lang='grc' dir='ltr'><strong>δὲ</strong></span> 
     </span>
     <span class='ocr_line' id='line_1_32' title="bbox 205 2838 1270 2929; baseline 0.002 -29"><span class='ocrx_word' id='word_1_259' title='bbox 205 2844 350 2915; x_wconf 74' lang='grc' dir='ltr'><strong>λέγω</strong></span> <span class='ocrx_word' id='word_1_260' title='bbox 373 2838 482 2900; x_wconf 81' lang='grc' dir='ltr'><strong>ὅσα</strong></span> <span class='ocrx_word' id='word_1_261' title='bbox 504 2841 584 2929; x_wconf 53' lang='grc' dir='ltr'><strong>(ιὴ</strong></span> <span class='ocrx_word' id='word_1_262' title='bbox 621 2841 693 2902; x_wconf 82' lang='grc' dir='ltr'><strong>δι’</strong></span> <span class='ocrx_word' id='word_1_263' title='bbox 727 2849 887 2917; x_wconf 75' lang='grc' dir='ltr'><strong><em>ημῶν</em></strong></span> <span class='ocrx_word' id='word_1_264' title='bbox 909 2866 1027 2903; x_wconf 67' lang='lat' dir='ltr'><strong>nex</strong></span> <span class='ocrx_word' id='word_1_265' title='bbox 1060 2864 1270 2916; x_wconf 78' lang='grc' dir='ltr'><strong>ρισται,</strong></span> 
     </span>
     <span class='ocr_line' id='line_1_33' title="bbox 207 2908 1271 2985; baseline 0.003 -17"><span class='ocrx_word' id='word_1_266' title='bbox 207 2908 355 2969; x_wconf 73' lang='grc' dir='ltr'><strong>ἀλλὰ</strong></span> <span class='ocrx_word' id='word_1_267' title='bbox 386 2916 784 2984; x_wconf 73' lang='grc' dir='ltr'><strong><em>προυπῆρχεν,</em></strong></span> <span class='ocrx_word' id='word_1_268' title='bbox 827 2913 958 2971; x_wconf 76' lang='grc' dir='ltr'><strong><em>οἷον</em></strong></span> <span class='ocrx_word' id='word_1_269' title='bbox 988 2910 1271 2985; x_wconf 77' lang='grc' dir='ltr'><strong><em>μάρτυρες</em></strong></span> 
     </span>
     <span class='ocr_line' id='line_1_34' title="bbox 208 2977 1273 3106; baseline 0.001 -69"><span class='ocrx_word' id='word_1_270' title='bbox 208 2977 453 3051; x_wconf 71' lang='grc' dir='ltr'><strong><em>βάσανοι</em></strong></span> <span class='ocrx_word' id='word_1_271' title='bbox 484 2984 814 3106; x_wconf 54' lang='grc' dir='ltr'><strong><em>συγγραξᾳ)</em></strong></span> <span class='ocrx_word' id='word_1_272' title='bbox 856 2984 957 3039; x_wconf 71' lang='grc' dir='ltr'><strong>καὶ</strong></span> <span class='ocrx_word' id='word_1_273' title='bbox 1004 2977 1110 3039; x_wconf 74' lang='grc' dir='ltr'><strong>ὅσα</strong></span> <span class='ocrx_word' id='word_1_274' title='bbox 1154 3004 1273 3039; x_wconf 86' lang='grc' dir='ltr'><strong><em>τοι·</em></strong></span> 
     </span>
     <span class='ocr_line' id='line_1_35' title="bbox 209 3048 1278 3122; baseline 0.003 -18"><span class='ocrx_word' id='word_1_275' title='bbox 209 3052 377 3117; x_wconf 73' lang='grc' dir='ltr'><strong>αὔτα,</strong></span> <span class='ocrx_word' id='word_1_276' title='bbox 407 3048 645 3119; x_wconf 69' lang='grc' dir='ltr'><strong><em>ἔντεκνοι</em></strong></span> <span class='ocrx_word' id='word_1_277' title='bbox 669 3052 707 3104; x_wconf 72' lang='grc' dir='ltr'>ἃ</span> <span class='ocrx_word' id='word_1_278' title='bbox 759 3067 869 3106; x_wconf 84' lang='grc' dir='ltr'><strong>οσα</strong></span> <span class='ocrx_word' id='word_1_279' title='bbox 901 3048 1002 3106; x_wconf 76' lang='grc' dir='ltr'><strong>διὰ</strong></span> <span class='ocrx_word' id='word_1_280' title='bbox 1039 3057 1141 3121; x_wconf 82' lang='grc' dir='ltr'><strong>τῆς</strong></span> <span class='ocrx_word' id='word_1_281' title='bbox 1172 3071 1278 3122; x_wconf 77' lang='grc' dir='ltr'><strong>με·</strong></span> 
     </span>
     <span class='ocr_line' id='line_1_36' title="bbox 207 3112 1274 3198; baseline 0.003 -26"><span class='ocrx_word' id='word_1_282' title='bbox 207 3113 400 3172; x_wconf 77' lang='grc' dir='ltr'><strong>θόὸου</strong></span> <span class='ocrx_word' id='word_1_283' title='bbox 422 3120 522 3174; x_wconf 77' lang='grc' dir='ltr'><strong>καὶ</strong></span> <span class='ocrx_word' id='word_1_284' title='bbox 548 3113 647 3198; x_wconf 46' lang='grc' dir='ltr'><strong>δι”</strong></span> <span class='ocrx_word' id='word_1_285' title='bbox 671 3112 858 3189; x_wconf 77' lang='grc' dir='ltr'><strong><em>ἡμῶν</em></strong></span> <span class='ocrx_word' id='word_1_286' title='bbox 881 3137 1274 3175; x_wconf 77' lang='grc' dir='ltr'><strong>κατασκευασ-</strong></span> 
     </span>
     <span class='ocr_line' id='line_1_37' title="bbox 207 3182 1272 3254; baseline 0.003 -14"><span class='ocrx_word' id='word_1_287' title='bbox 207 3187 397 3254; x_wconf 78' lang='grc' dir='ltr'><strong><em>θῆναι</em></strong></span> <span class='ocrx_word' id='word_1_288' title='bbox 420 3187 690 3242; x_wconf 77' lang='grc' dir='ltr'><strong><em>δυνατον·</em></strong></span> <span class='ocrx_word' id='word_1_289' title='bbox 740 3182 880 3242; x_wconf 75' lang='grc' dir='ltr'><strong><em>ὥστε</em></strong></span> <span class='ocrx_word' id='word_1_290' title='bbox 905 3189 1034 3244; x_wconf 81' lang='grc' dir='ltr'><strong>δεῖν</strong></span> <span class='ocrx_word' id='word_1_291' title='bbox 1058 3183 1272 3244; x_wconf 78' lang='grc' dir='ltr'><strong><em>τούτων</em></strong></span> 
     </span>
     <span class='ocr_line' id='line_1_38' title="bbox 208 3247 1271 3324; baseline 0.002 -16"><span class='ocrx_word' id='word_1_292' title='bbox 208 3260 333 3317; x_wconf 76' lang='grc' dir='ltr'><strong><em>τοῖς</em></strong></span> <span class='ocrx_word' id='word_1_293' title='bbox 387 3250 496 3323; x_wconf 72' lang='grc' dir='ltr'><strong>μὲν</strong></span> <span class='ocrx_word' id='word_1_294' title='bbox 565 3247 973 3324; x_wconf 77' lang='grc' dir='ltr'><strong><em>χρήσασθαι</em></strong></span> <span class='ocrx_word' id='word_1_295' title='bbox 1045 3251 1125 3310; x_wconf 78' lang='grc' dir='ltr'><strong>τοὶ</strong></span> <span class='ocrx_word' id='word_1_296' title='bbox 1195 3253 1271 3310; x_wconf 70' lang='grc' dir='ltr'><strong>δὲ</strong></span> 
     </span>
     <span class='ocr_line' id='line_1_39' title="bbox 209 3316 873 3392; baseline 0 -15"><span class='ocrx_word' id='word_1_297' title='bbox 209 3316 454 3390; x_wconf 73' lang='grc' dir='ltr'><strong><em>εὑρεῖν</em></strong></span> <span class='ocrx_word' id='word_1_298' title='bbox 479 3322 537 3392; x_wconf 77' lang='lat' dir='ltr'><strong>(S</strong></span> <span class='ocrx_word' id='word_1_299' title='bbox 567 3324 703 3389; x_wconf 85' lang='grc'><strong>101).</strong></span> <span class='ocrx_word' id='word_1_300' title='bbox 856 3346 873 3357; x_wconf 50' lang='lat'><em>³</em></span> 
     </span>
    </p>

    <p class='ocr_par' dir='ltr' id='par_1_8' title="bbox 206 3390 1278 4004">
     <span class='ocr_line' id='line_1_40' title="bbox 274 3390 1275 3461; baseline 0.003 -20"><span class='ocrx_word' id='word_1_301' title='bbox 274 3393 479 3444; x_wconf 78' lang='lat' dir='ltr'><strong>tabulae</strong></span> <span class='ocrx_word' id='word_1_302' title='bbox 503 3404 599 3443; x_wconf 85' lang='lat' dir='ltr'><strong>etc.</strong></span> <span class='ocrx_word' id='word_1_303' title='bbox 624 3390 656 3460; x_wconf 77' lang='lat' dir='ltr'>S</span> <span class='ocrx_word' id='word_1_304' title='bbox 685 3391 799 3444; x_wconf 84' lang='lat'><strong>100.</strong></span> <span class='ocrx_word' id='word_1_305' title='bbox 827 3394 908 3445; x_wconf 87' lang='lat' dir='ltr'><strong>Or.</strong></span> <span class='ocrx_word' id='word_1_306' title='bbox 928 3405 1060 3461; x_wconf 83' lang='lat' dir='ltr'><strong>part.</strong></span> <span class='ocrx_word' id='word_1_307' title='bbox 1087 3392 1172 3457; x_wconf 85' lang='grc'><strong>37,</strong></span> <span class='ocrx_word' id='word_1_308' title='bbox 1200 3402 1275 3445; x_wconf 81' lang='grc'><strong>130</strong></span> 
     </span>
     <span class='ocr_line' id='line_1_41' title="bbox 206 3460 1274 3529; baseline 0.001 -18"><span class='ocrx_word' id='word_1_309' title='bbox 206 3463 513 3529; x_wconf 84' lang='lat' dir='ltr'><strong>scriptorum</strong></span> <span class='ocrx_word' id='word_1_310' title='bbox 549 3460 627 3526; x_wconf 87' lang='lat' dir='ltr'><strong>(d.</strong></span> <span class='ocrx_word' id='word_1_311' title='bbox 662 3462 715 3512; x_wconf 89' lang='lat' dir='ltr'><strong>h.</strong></span> <span class='ocrx_word' id='word_1_312' title='bbox 754 3464 845 3513; x_wconf 87' lang='lat' dir='ltr'><strong>der</strong></span> <span class='ocrx_word' id='word_1_313' title='bbox 873 3463 1274 3527; x_wconf 85' lang='lat' dir='ltr'><strong>geschriebenen</strong></span> 
     </span>
     <span class='ocr_line' id='line_1_42' title="bbox 208 3528 1275 3596; baseline -0.002 -16"><span class='ocrx_word' id='word_1_314' title='bbox 208 3530 465 3594; x_wconf 80' lang='lat' dir='ltr'><strong>positiven</strong></span> <span class='ocrx_word' id='word_1_315' title='bbox 512 3528 958 3596; x_wconf 79' lang='lat' dir='ltr'><strong>Bestimmungen)</strong></span> <span class='ocrx_word' id='word_1_316' title='bbox 1022 3531 1275 3596; x_wconf 86' lang='lat' dir='ltr'><strong>privatum</strong></span> 
     </span>
     <span class='ocr_line' id='line_1_43' title="bbox 206 3597 1272 3664; baseline 0 -17"><span class='ocrx_word' id='word_1_317' title='bbox 206 3597 354 3648; x_wconf 85' lang='lat' dir='ltr'><strong>aliud</strong></span> <span class='ocrx_word' id='word_1_318' title='bbox 374 3604 479 3657; x_wconf 85' lang='lat' dir='ltr'><strong>est,</strong></span> <span class='ocrx_word' id='word_1_319' title='bbox 503 3598 762 3663; x_wconf 88' lang='lat' dir='ltr'><strong>publicum</strong></span> <span class='ocrx_word' id='word_1_320' title='bbox 786 3597 954 3658; x_wconf 85' lang='lat' dir='ltr'><strong>aliud;</strong></span> <span class='ocrx_word' id='word_1_321' title='bbox 978 3598 1272 3664; x_wconf 83' lang='lat' dir='ltr'><strong>publicum:</strong></span> 
     </span>
     <span class='ocr_line' id='line_1_44' title="bbox 208 3665 1276 3736; baseline 0 -22"><span class='ocrx_word' id='word_1_322' title='bbox 208 3666 296 3715; x_wconf 84' lang='lat' dir='ltr'><strong>lex</strong></span> <span class='ocrx_word' id='word_1_323' title='bbox 317 3666 823 3717; x_wconf 74' lang='lat' dir='ltr'><strong>senatusconsultum</strong></span> <span class='ocrx_word' id='word_1_324' title='bbox 854 3665 1066 3728; x_wconf 74' lang='lat' dir='ltr'><strong>foedus3</strong></span> <span class='ocrx_word' id='word_1_325' title='bbox 1108 3667 1276 3736; x_wconf 83' lang='lat' dir='ltr'><strong>priva-</strong></span> 
     </span>
     <span class='ocr_line' id='line_1_45' title="bbox 209 3734 1274 3851; baseline 0 -68"><span class='ocrx_word' id='word_1_326' title='bbox 209 3743 344 3851; x_wconf 59' lang='lat' dir='ltr'><strong>ttffii:</strong></span> <span class='ocrx_word' id='word_1_327' title='bbox 377 3734 585 3784; x_wconf 84' lang='lat' dir='ltr'><strong>tabulae</strong></span> <span class='ocrx_word' id='word_1_328' title='bbox 615 3744 821 3799; x_wconf 81' lang='lat' dir='ltr'><strong>pactum</strong></span> <span class='ocrx_word' id='word_1_329' title='bbox 851 3741 1158 3786; x_wconf 81' lang='lat' dir='ltr'><strong>conventum</strong></span> <span class='ocrx_word' id='word_1_330' title='bbox 1182 3735 1274 3784; x_wconf 86' lang='lat' dir='ltr'><strong>sti-</strong></span> 
     </span>
     <span class='ocr_line' id='line_1_46' title="bbox 212 3802 424 3867; baseline 0.005 -17"><span class='ocrx_word' id='word_1_331' title='bbox 212 3816 244 3867; x_wconf 88' lang='lat' dir='ltr'><strong>p</strong></span> <span class='ocrx_word' id='word_1_332' title='bbox 303 3802 424 3852; x_wconf 87' lang='lat' dir='ltr'><strong>atio.</strong></span> 
     </span>
     <span class='ocr_line' id='line_1_47' title="bbox 211 3867 1278 4004; baseline -0.001 -17"><span class='ocrx_word' id='word_1_333' title='bbox 211 3867 1278 4004; x_wconf 55' lang='grc' dir='ltr'><strong>ν.ἵῖ’ἑξ“’ἑῖι’ὲῖ”ῗέξῖᾗῆξίῗιῗηὼῗιξῗὲῗῖ</strong></span> 
     </span>
    </p>
   </div>
   <div class='ocr_carea' id='block_1_8' title="bbox 100 4004 1278 4073">
    <p class='ocr_par' dir='ltr' id='par_1_9' title="bbox 100 4004 1278 4073">
     <span class='ocr_line' id='line_1_48' title="bbox 100 4004 1278 4073; baseline -0.003 -14"><span class='ocrx_word' id='word_1_334' title='bbox 100 4050 113 4059; x_wconf 86' lang='grc'><strong><em>,</em></strong></span> <span class='ocrx_word' id='word_1_335' title='bbox 213 4004 452 4072; x_wconf 80' lang='lat' dir='ltr'><strong>suchung</strong></span> <span class='ocrx_word' id='word_1_336' title='bbox 464 4005 707 4072; x_wconf 80' lang='lat' dir='ltr'><strong>gemacht</strong></span> <span class='ocrx_word' id='word_1_337' title='bbox 725 4006 859 4058; x_wconf 83' lang='lat' dir='ltr'><strong>sind.</strong></span> <span class='ocrx_word' id='word_1_338' title='bbox 880 4007 960 4059; x_wconf 87' lang='lat' dir='ltr'><strong>Or.</strong></span> <span class='ocrx_word' id='word_1_339' title='bbox 979 4017 1111 4073; x_wconf 83' lang='lat' dir='ltr'><strong>part.</strong></span> <span class='ocrx_word' id='word_1_340' title='bbox 1128 4006 1278 4068; x_wconf 77' lang='lat' dir='ltr'><strong>l4,·50</strong></span> 
     </span>
    </p>
   </div>
   <div class='ocr_carea' id='block_1_9' title="bbox 213 4074 1281 4346">
    <p class='ocr_par' dir='ltr' id='par_1_10' title="bbox 213 4074 1281 4346">
     <span class='ocr_line' id='line_1_49' title="bbox 213 4074 1279 4140; baseline 0.001 -18"><span class='ocrx_word' id='word_1_341' title='bbox 213 4086 369 4140; x_wconf 84' lang='lat' dir='ltr'><strong>saepe</strong></span> <span class='ocrx_word' id='word_1_342' title='bbox 380 4074 533 4124; x_wconf 72' lang='lat' dir='ltr'><strong>etiam</strong></span> <span class='ocrx_word' id='word_1_343' title='bbox 544 4074 929 4136; x_wconf 78' lang='lat' dir='ltr'><strong>quaestionibus</strong></span> <span class='ocrx_word' id='word_1_344' title='bbox 938 4075 1279 4127; x_wconf 83' lang='lat' dir='ltr'><strong>resistendum</strong></span> 
     </span>
     <span class='ocr_line' id='line_1_50' title="bbox 216 4141 1281 4208; baseline 0.001 -16"><span class='ocrx_word' id='word_1_345' title='bbox 216 4149 309 4204; x_wconf 78' lang='lat' dir='ltr'><strong>est,</strong></span> <span class='ocrx_word' id='word_1_346' title='bbox 335 4142 475 4205; x_wconf 87' lang='lat' dir='ltr'><strong>quod</strong></span> <span class='ocrx_word' id='word_1_347' title='bbox 510 4150 560 4192; x_wconf 83' lang='lat' dir='ltr'><strong>et</strong></span> <span class='ocrx_word' id='word_1_348' title='bbox 595 4142 823 4193; x_wconf 85' lang='lat' dir='ltr'><strong>dolorem</strong></span> <span class='ocrx_word' id='word_1_349' title='bbox 854 4141 1110 4208; x_wconf 77' lang='lat' dir='ltr'><strong>fugientes</strong></span> <span class='ocrx_word' id='word_1_350' title='bbox 1134 4143 1281 4194; x_wconf 85' lang='lat' dir='ltr'><strong>multi</strong></span> 
     </span>
     <span class='ocr_line' id='line_1_51' title="bbox 213 4209 1278 4276; baseline 0.002 -18"><span class='ocrx_word' id='word_1_351' title='bbox 213 4209 265 4259; x_wconf 85' lang='lat' dir='ltr'><strong>in</strong></span> <span class='ocrx_word' id='word_1_352' title='bbox 300 4211 569 4261; x_wconf 83' lang='lat' dir='ltr'><strong>tormentis</strong></span> <span class='ocrx_word' id='word_1_353' title='bbox 595 4211 822 4260; x_wconf 85' lang='lat' dir='ltr'><strong>ementiti</strong></span> <span class='ocrx_word' id='word_1_354' title='bbox 854 4225 1104 4276; x_wconf 83' lang='lat' dir='ltr'><strong>persaepe</strong></span> <span class='ocrx_word' id='word_1_355' title='bbox 1139 4219 1278 4273; x_wconf 78' lang='lat' dir='ltr'><strong>sunt,</strong></span> 
     </span>
     <span class='ocr_line' id='line_1_52' title="bbox 215 4277 1279 4346; baseline 0.003 -20"><span class='ocrx_word' id='word_1_356' title='bbox 215 4278 447 4342; x_wconf 85' lang='lat' dir='ltr'><strong>morique</strong></span> <span class='ocrx_word' id='word_1_357' title='bbox 492 4278 780 4329; x_wconf 84' lang='lat' dir='ltr'><strong>maluerunt</strong></span> <span class='ocrx_word' id='word_1_358' title='bbox 813 4277 1009 4346; x_wconf 37' lang='lat' dir='ltr'><strong>‚falsum</strong></span> <span class='ocrx_word' id='word_1_359' title='bbox 1054 4278 1279 4340; x_wconf 66' lang='lat' dir='ltr'><strong>intende,</strong></span> 
     </span>
    </p>
   </div>
   <div class='ocr_carea' id='block_1_10' title="bbox 983 2287 2572 2371">
    <p class='ocr_par' dir='ltr' id='par_1_11' title="bbox 983 2287 2572 2371">
     <span class='ocr_line' id='line_1_53' title="bbox 983 2287 2572 2371; baseline 0.002 -18"><span class='ocrx_word' id='word_1_360' title='bbox 983 2289 1255 2369; x_wconf 83' lang='lat' dir='ltr'><strong>Longum</strong></span> <span class='ocrx_word' id='word_1_361' title='bbox 1284 2298 1376 2352; x_wconf 87' lang='lat' dir='ltr'><strong>est</strong></span> <span class='ocrx_word' id='word_1_362' title='bbox 1404 2291 1564 2351; x_wconf 88' lang='lat' dir='ltr'><strong>enim</strong></span> <span class='ocrx_word' id='word_1_363' title='bbox 1594 2306 1757 2354; x_wconf 89' lang='lat' dir='ltr'><strong>nunc</strong></span> <span class='ocrx_word' id='word_1_364' title='bbox 1797 2306 1895 2352; x_wconf 89' lang='lat' dir='ltr'><strong>me</strong></span> <span class='ocrx_word' id='word_1_365' title='bbox 1939 2287 2268 2371; x_wconf 84' lang='lat' dir='ltr'><strong>explicare,</strong></span> <span class='ocrx_word' id='word_1_366' title='bbox 2322 2306 2436 2368; x_wconf 86' lang='lat' dir='ltr'><strong>qua</strong></span> <span class='ocrx_word' id='word_1_367' title='bbox 2471 2303 2572 2356; x_wconf 85' lang='lat'><strong>119</strong></span> 
     </span>
    </p>
   </div>
   <div class='ocr_carea' id='block_1_11' title="bbox 1372 2439 2448 4342">
    <p class='ocr_par' dir='ltr' id='par_1_12' title="bbox 1372 2439 2440 2574">
     <span class='ocr_line' id='line_1_54' title="bbox 1376 2439 2440 2505; baseline -0.002 -11"><span class='ocrx_word' id='word_1_368' title='bbox 1376 2459 1531 2505; x_wconf 86' lang='lat' dir='ltr'><strong>quam</strong></span> <span class='ocrx_word' id='word_1_369' title='bbox 1552 2442 1817 2494; x_wconf 83' lang='lat' dir='ltr'><strong>infitiando</strong></span> <span class='ocrx_word' id='word_1_370' title='bbox 1844 2442 2032 2493; x_wconf 84' lang='lat' dir='ltr'><strong>dolere.</strong></span> <span class='ocrx_word' id='word_1_371' title='bbox 2066 2441 2206 2492; x_wconf 86' lang='lat' dir='ltr'><strong>Brut.</strong></span> <span class='ocrx_word' id='word_1_372' title='bbox 2232 2439 2318 2503; x_wconf 79' lang='lat'><strong>80,</strong></span> <span class='ocrx_word' id='word_1_373' title='bbox 2342 2451 2440 2492; x_wconf 79' lang='lat'><strong>277.</strong></span> 
     </span>
     <span class='ocr_line' id='line_1_55' title="bbox 1372 2510 2149 2574; baseline -0.004 -12"><span class='ocrx_word' id='word_1_374' title='bbox 1372 2528 1461 2562; x_wconf 80' lang='lat' dir='ltr'><strong>res</strong></span> <span class='ocrx_word' id='word_1_375' title='bbox 1484 2513 1767 2571; x_wconf 78' lang='lat' dir='ltr'><strong>iudicatae,</strong></span> <span class='ocrx_word' id='word_1_376' title='bbox 1802 2510 2149 2574; x_wconf 68' lang='lat' dir='ltr'><strong>Prfijudicien.</strong></span> 
     </span>
    </p>

    <p class='ocr_par' dir='ltr' id='par_1_13' title="bbox 1373 2577 2437 2713">
     <span class='ocr_line' id='line_1_56' title="bbox 1442 2577 2437 2643; baseline -0.004 -13"><span class='ocrx_word' id='word_1_377' title='bbox 1442 2596 1477 2630; x_wconf 85' lang='lat' dir='ltr'><strong>a</strong></span> <span class='ocrx_word' id='word_1_378' title='bbox 1498 2584 1620 2637; x_wconf 72' lang='lat' dir='ltr'><strong>reis,</strong></span> <span class='ocrx_word' id='word_1_379' title='bbox 1646 2578 1804 2629; x_wconf 88' lang='lat' dir='ltr'><strong>durch</strong></span> <span class='ocrx_word' id='word_1_380' title='bbox 1830 2578 1921 2628; x_wconf 85' lang='lat' dir='ltr'><strong>das</strong></span> <span class='ocrx_word' id='word_1_381' title='bbox 1945 2593 2049 2629; x_wconf 88' lang='lat' dir='ltr'><strong>von</strong></span> <span class='ocrx_word' id='word_1_382' title='bbox 2073 2579 2171 2628; x_wconf 87' lang='lat' dir='ltr'><strong>den</strong></span> <span class='ocrx_word' id='word_1_383' title='bbox 2197 2577 2437 2643; x_wconf 77' lang='lat' dir='ltr'><strong>Beteilig-</strong></span> 
     </span>
     <span class='ocr_line' id='line_1_57' title="bbox 1373 2645 2015 2713; baseline -0.003 -16"><span class='ocrx_word' id='word_1_384' title='bbox 1373 2656 1459 2697; x_wconf 85' lang='lat' dir='ltr'><strong>ten</strong></span> <span class='ocrx_word' id='word_1_385' title='bbox 1483 2645 1746 2713; x_wconf 79' lang='lat' dir='ltr'><strong>gelieferte</strong></span> <span class='ocrx_word' id='word_1_386' title='bbox 1771 2646 2015 2696; x_wconf 83' lang='lat' dir='ltr'><strong>Material.</strong></span> 
     </span>
    </p>

    <p class='ocr_par' dir='ltr' id='par_1_14' title="bbox 1374 2711 2438 2915">
     <span class='ocr_line' id='line_1_58' title="bbox 1444 2711 2437 2778; baseline -0.003 -14"><span class='ocrx_word' id='word_1_387' title='bbox 1444 2724 1536 2765; x_wconf 83' lang='grc'><strong>117.</strong></span> <span class='ocrx_word' id='word_1_388' title='bbox 1573 2716 1684 2769; x_wconf 73' lang='lat' dir='ltr'><strong>isti.</strong></span> <span class='ocrx_word' id='word_1_389' title='bbox 1725 2714 1807 2764; x_wconf 85' lang='lat' dir='ltr'><strong>die</strong></span> <span class='ocrx_word' id='word_1_390' title='bbox 1839 2711 2190 2778; x_wconf 79' lang='lat' dir='ltr'><strong>griechischen</strong></span> <span class='ocrx_word' id='word_1_391' title='bbox 2221 2711 2437 2762; x_wconf 82' lang='lat' dir='ltr'><strong>rhetori-</strong></span> 
     </span>
     <span class='ocr_line' id='line_1_59' title="bbox 1375 2780 2436 2846; baseline -0.003 -13"><span class='ocrx_word' id='word_1_392' title='bbox 1375 2782 1529 2833; x_wconf 86' lang='lat' dir='ltr'><strong>schen</strong></span> <span class='ocrx_word' id='word_1_393' title='bbox 1556 2781 1906 2845; x_wconf 79' lang='lat' dir='ltr'><strong>Theoretiker,</strong></span> <span class='ocrx_word' id='word_1_394' title='bbox 1940 2783 1960 2831; x_wconf 85' lang='lat'>1</span> <span class='ocrx_word' id='word_1_395' title='bbox 1987 2780 2079 2845; x_wconf 82' lang='lat'><strong>31,</strong></span> <span class='ocrx_word' id='word_1_396' title='bbox 2107 2789 2201 2832; x_wconf 81' lang='lat'><strong>140.</strong></span> <span class='ocrx_word' id='word_1_397' title='bbox 2244 2785 2436 2846; x_wconf 75' lang='lat' dir='ltr'><strong>posita,</strong></span> 
     </span>
     <span class='ocr_line' id='line_1_60' title="bbox 1374 2847 2438 2915; baseline -0.001 -14"><span class='ocrx_word' id='word_1_398' title='bbox 1374 2851 1555 2901; x_wconf 83' lang='lat' dir='ltr'><strong>sobald</strong></span> <span class='ocrx_word' id='word_1_399' title='bbox 1573 2851 1653 2900; x_wconf 90' lang='lat' dir='ltr'><strong>ein</strong></span> <span class='ocrx_word' id='word_1_400' title='bbox 1665 2849 1857 2900; x_wconf 85' lang='lat' dir='ltr'><strong>Thema</strong></span> <span class='ocrx_word' id='word_1_401' title='bbox 1874 2848 2078 2915; x_wconf 79' lang='lat' dir='ltr'><strong>gestellt</strong></span> <span class='ocrx_word' id='word_1_402' title='bbox 2096 2849 2180 2912; x_wconf 88' lang='lat' dir='ltr'><strong>ist,</strong></span> <span class='ocrx_word' id='word_1_403' title='bbox 2206 2850 2227 2897; x_wconf 93' lang='grc' dir='ltr'>Ι</span> <span class='ocrx_word' id='word_1_404' title='bbox 2247 2847 2330 2907; x_wconf 88' lang='grc'><strong>33,</strong></span> <span class='ocrx_word' id='word_1_405' title='bbox 2344 2857 2438 2900; x_wconf 82' lang='grc'><strong>149.</strong></span> 
     </span>
    </p>

    <p class='ocr_par' dir='ltr' id='par_1_15' title="bbox 1374 2916 2440 3250">
     <span class='ocr_line' id='line_1_61' title="bbox 1442 2916 2435 2985; baseline -0.003 -15"><span class='ocrx_word' id='word_1_406' title='bbox 1442 2935 1542 2985; x_wconf 81' lang='lat' dir='ltr'><strong>qno</strong></span> <span class='ocrx_word' id='word_1_407' title='bbox 1564 2933 1621 2969; x_wconf 78' lang='lat' dir='ltr'><strong>se</strong></span> <span class='ocrx_word' id='word_1_408' title='bbox 1644 2920 1897 2983; x_wconf 75' lang='lat' dir='ltr'><strong>referant,</strong></span> <span class='ocrx_word' id='word_1_409' title='bbox 1938 2919 1960 2967; x_wconf 92' lang='grc' dir='ltr'>Ι</span> <span class='ocrx_word' id='word_1_410' title='bbox 1984 2916 2071 2981; x_wconf 84' lang='grc'><strong>32,</strong></span> <span class='ocrx_word' id='word_1_411' title='bbox 2097 2926 2189 2967; x_wconf 82' lang='grc'><strong>145.</strong></span> <span class='ocrx_word' id='word_1_412' title='bbox 2230 2919 2435 2978; x_wconf 61' lang='lat' dir='ltr'><strong>vividos,</strong></span> 
     </span>
     <span class='ocr_line' id='line_1_62' title="bbox 1375 2985 2440 3048; baseline -0.003 -12"><span class='ocrx_word' id='word_1_413' title='bbox 1375 2988 1457 3037; x_wconf 87' lang='lat' dir='ltr'><strong>die</strong></span> <span class='ocrx_word' id='word_1_414' title='bbox 1482 2988 1699 3048; x_wconf 87' lang='lat' dir='ltr'><strong>Rinnen,</strong></span> <span class='ocrx_word' id='word_1_415' title='bbox 1729 2987 1810 3036; x_wconf 85' lang='lat' dir='ltr'><strong>die</strong></span> <span class='ocrx_word' id='word_1_416' title='bbox 1836 2985 1967 3036; x_wconf 91' lang='lat' dir='ltr'><strong>doch</strong></span> <span class='ocrx_word' id='word_1_417' title='bbox 1994 3001 2089 3035; x_wconf 85' lang='lat' dir='ltr'><strong>nur</strong></span> <span class='ocrx_word' id='word_1_418' title='bbox 2113 2986 2207 3035; x_wconf 77' lang='lat' dir='ltr'><strong>das</strong></span> <span class='ocrx_word' id='word_1_419' title='bbox 2226 2985 2440 3035; x_wconf 84' lang='lat' dir='ltr'><strong>Wasser</strong></span> 
     </span>
     <span class='ocr_line' id='line_1_63' title="bbox 1375 3051 2436 3115; baseline -0.002 -11"><span class='ocrx_word' id='word_1_420' title='bbox 1375 3070 1471 3106; x_wconf 88' lang='lat' dir='ltr'><strong>aus</strong></span> <span class='ocrx_word' id='word_1_421' title='bbox 1496 3056 1594 3105; x_wconf 89' lang='lat' dir='ltr'><strong>den</strong></span> <span class='ocrx_word' id='word_1_422' title='bbox 1622 3055 1835 3115; x_wconf 85' lang='lat' dir='ltr'><strong>Quellen</strong></span> <span class='ocrx_word' id='word_1_423' title='bbox 1869 3055 2044 3104; x_wconf 84' lang='lat' dir='ltr'><strong>weiter</strong></span> <span class='ocrx_word' id='word_1_424' title='bbox 2076 3055 2256 3112; x_wconf 85' lang='lat' dir='ltr'><strong>leiten,</strong></span> <span class='ocrx_word' id='word_1_425' title='bbox 2292 3055 2363 3102; x_wconf 84' lang='grc' dir='ltr'><strong>ΙΙΙ</strong></span> <span class='ocrx_word' id='word_1_426' title='bbox 2386 3051 2436 3114; x_wconf 88' lang='grc'><strong>6,</strong></span> 
     </span>
     <span class='ocr_line' id='line_1_64' title="bbox 1374 3117 2439 3189; baseline -0.003 -16"><span class='ocrx_word' id='word_1_427' title='bbox 1374 3132 1440 3173; x_wconf 75' lang='lat'><strong>²3.</strong></span> <span class='ocrx_word' id='word_1_428' title='bbox 1471 3124 1589 3173; x_wconf 87' lang='lat' dir='ltr'><strong>Hor.</strong></span> <span class='ocrx_word' id='word_1_429' title='bbox 1606 3123 1754 3189; x_wconf 83' lang='lat' dir='ltr'><strong>epist.</strong></span> <span class='ocrx_word' id='word_1_430' title='bbox 1770 3123 1792 3171; x_wconf 92' lang='grc' dir='ltr'>Ι</span> <span class='ocrx_word' id='word_1_431' title='bbox 1810 3120 1861 3184; x_wconf 86' lang='grc'><strong>3,</strong></span> <span class='ocrx_word' id='word_1_432' title='bbox 1889 3131 1938 3172; x_wconf 84' lang='grc' dir='ltr'><strong>1ο</strong></span> <span class='ocrx_word' id='word_1_433' title='bbox 1957 3121 1992 3174; x_wconf 79' lang='lat' dir='ltr'><strong>f.</strong></span> <span class='ocrx_word' id='word_1_434' title='bbox 2019 3138 2052 3171; x_wconf 87' lang='lat' dir='ltr'><strong>a</strong></span> <span class='ocrx_word' id='word_1_435' title='bbox 2069 3122 2254 3187; x_wconf 77' lang='lat' dir='ltr'><strong>capite,</strong></span> <span class='ocrx_word' id='word_1_436' title='bbox 2275 3117 2439 3186; x_wconf 69' lang='lat'>5130.</span> 
     </span>
     <span class='ocr_line' id='line_1_65' title="bbox 1376 3191 1601 3250; baseline -0.009 -8"><span class='ocrx_word' id='word_1_437' title='bbox 1376 3194 1397 3242; x_wconf 94' lang='lat' dir='ltr'>I</span> <span class='ocrx_word' id='word_1_438' title='bbox 1424 3191 1504 3250; x_wconf 90' lang='lat'><strong>10,</strong></span> <span class='ocrx_word' id='word_1_439' title='bbox 1530 3199 1601 3241; x_wconf 82' lang='lat'><strong>41.</strong></span> 
     </span>
    </p>

    <p class='ocr_par' dir='ltr' id='par_1_16' title="bbox 1374 3247 2442 3530">
     <span class='ocr_line' id='line_1_66' title="bbox 1440 3247 2438 3322; baseline -0.006 -13"><span class='ocrx_word' id='word_1_440' title='bbox 1440 3259 1617 3309; x_wconf 81' lang='lat' dir='ltr'><strong>videre</strong></span> <span class='ocrx_word' id='word_1_441' title='bbox 1649 3259 1744 3308; x_wconf 81' lang='lat' dir='ltr'><strong>wie</strong></span> <span class='ocrx_word' id='word_1_442' title='bbox 1767 3247 1928 3322; x_wconf 75' lang='grc' dir='ltr'><strong><em>ὁρᾶν,</em></strong></span> <span class='ocrx_word' id='word_1_443' title='bbox 1964 3255 2280 3316; x_wconf 76' lang='lat' dir='ltr'><strong>uachsehen,</strong></span> <span class='ocrx_word' id='word_1_444' title='bbox 2318 3270 2438 3305; x_wconf 83' lang='lat' dir='ltr'><strong>aus·</strong></span> 
     </span>
     <span class='ocr_line' id='line_1_67' title="bbox 1374 3321 2442 3392; baseline -0.005 -15"><span class='ocrx_word' id='word_1_445' title='bbox 1374 3327 1539 3392; x_wconf 76' lang='lat' dir='ltr'><strong>findig</strong></span> <span class='ocrx_word' id='word_1_446' title='bbox 1570 3325 1786 3375; x_wconf 82' lang='lat' dir='ltr'><strong>macheu</strong></span> <span class='ocrx_word' id='word_1_447' title='bbox 1811 3324 1968 3390; x_wconf 84' lang='lat' dir='ltr'><strong>Soph.</strong></span> <span class='ocrx_word' id='word_1_448' title='bbox 1996 3325 2078 3374; x_wconf 83' lang='grc' dir='ltr'><strong>Αἰ.</strong></span> <span class='ocrx_word' id='word_1_449' title='bbox 2108 3321 2240 3373; x_wconf 82' lang='grc'><strong>1164</strong></span> <span class='ocrx_word' id='word_1_450' title='bbox 2272 3322 2442 3373; x_wconf 76' lang='grc' dir='ltr'><strong><em>σπεῦ-</em></strong></span> 
     </span>
     <span class='ocr_line' id='line_1_68' title="bbox 1375 3382 2441 3459; baseline -0.007 -13"><span class='ocrx_word' id='word_1_451' title='bbox 1375 3410 1479 3447; x_wconf 87' lang='grc' dir='ltr'><strong>σον</strong></span> <span class='ocrx_word' id='word_1_452' title='bbox 1524 3393 1728 3459; x_wconf 66' lang='lat' dir='ltr'><strong>uotam</strong></span> <span class='ocrx_word' id='word_1_453' title='bbox 1778 3382 2034 3444; x_wconf 71' lang='grc' dir='ltr'><strong><em>κᾶπετόν</em></strong></span> <span class='ocrx_word' id='word_1_454' title='bbox 2079 3383 2185 3443; x_wconf 71' lang='grc' dir='ltr'><strong><em>τιν’</em></strong></span> <span class='ocrx_word' id='word_1_455' title='bbox 2246 3385 2441 3441; x_wconf 76' lang='grc' dir='ltr'><strong>ἰδεῖν</strong></span> 
     </span>
     <span class='ocr_line' id='line_1_69' title="bbox 1376 3452 2438 3530; baseline -0.007 -16"><span class='ocrx_word' id='word_1_456' title='bbox 1376 3453 1507 3530; x_wconf 69' lang='grc' dir='ltr'><strong>τῷδ’</strong></span> <span class='ocrx_word' id='word_1_457' title='bbox 1514 3500 1531 3528; x_wconf 87' lang='grc'><strong>,</strong></span> <span class='ocrx_word' id='word_1_458' title='bbox 1546 3457 1696 3514; x_wconf 76' lang='grc' dir='ltr'><strong><em>ἔνθα</em></strong></span> <span class='ocrx_word' id='word_1_459' title='bbox 1708 3487 1773 3498; x_wconf 90' lang='grc'><strong>--</strong></span> <span class='ocrx_word' id='word_1_460' title='bbox 1784 3452 1885 3512; x_wconf 82' lang='grc' dir='ltr'><strong>τὸν</strong></span> <span class='ocrx_word' id='word_1_461' title='bbox 1893 3452 2085 3524; x_wconf 75' lang='grc' dir='ltr'><strong><em>τάφυν</em></strong></span> <span class='ocrx_word' id='word_1_462' title='bbox 2097 3485 2162 3495; x_wconf 89' lang='lat'><strong>—-</strong></span> <span class='ocrx_word' id='word_1_463' title='bbox 2175 3453 2417 3520; x_wconf 75' lang='grc' dir='ltr'><strong><em>καθέξει</em></strong></span> <span class='ocrx_word' id='word_1_464' title='bbox 2426 3495 2438 3507; x_wconf 93' lang='grc'><strong>.</strong></span> 
     </span>
    </p>

    <p class='ocr_par' dir='ltr' id='par_1_17' title="bbox 1377 3525 2443 3717">
     <span class='ocr_line' id='line_1_70' title="bbox 1444 3525 2443 3596; baseline -0.006 -17"><span class='ocrx_word' id='word_1_465' title='bbox 1444 3539 1539 3581; x_wconf 73' lang='grc'><strong>118.</strong></span> <span class='ocrx_word' id='word_1_466' title='bbox 1574 3532 1880 3596; x_wconf 69' lang='lat' dir='ltr'><strong>sepoeatim,</strong></span> <span class='ocrx_word' id='word_1_467' title='bbox 1916 3527 2049 3578; x_wconf 86' lang='lat' dir='ltr'><strong>ohne</strong></span> <span class='ocrx_word' id='word_1_468' title='bbox 2081 3526 2322 3592; x_wconf 83' lang='lat' dir='ltr'><strong>specielle</strong></span> <span class='ocrx_word' id='word_1_469' title='bbox 2345 3525 2443 3574; x_wconf 90' lang='lat' dir='ltr'><strong>Be-</strong></span> 
     </span>
     <span class='ocr_line' id='line_1_71' title="bbox 1379 3595 2440 3663; baseline -0.005 -15"><span class='ocrx_word' id='word_1_470' title='bbox 1379 3597 1629 3663; x_wconf 78' lang='lat' dir='ltr'><strong>ziehung,</strong></span> <span class='ocrx_word' id='word_1_471' title='bbox 1667 3597 1777 3647; x_wconf 81' lang='lat' dir='ltr'><strong>also</strong></span> <span class='ocrx_word' id='word_1_472' title='bbox 1811 3597 1864 3646; x_wconf 90' lang='lat' dir='ltr'><strong>in</strong></span> <span class='ocrx_word' id='word_1_473' title='bbox 1897 3597 2176 3646; x_wconf 71' lang='lat' dir='ltr'><strong>abstracto,</strong></span> <span class='ocrx_word' id='word_1_474' title='bbox 2216 3595 2440 3659; x_wconf 56' lang='lat' dir='ltr'><strong>delirate,</strong></span> 
     </span>
     <span class='ocr_line' id='line_1_72' title="bbox 1377 3669 1710 3717; baseline 0.003 -1"><span class='ocrx_word' id='word_1_475' title='bbox 1377 3669 1429 3716; x_wconf 88' lang='lat' dir='ltr'><strong>in</strong></span> <span class='ocrx_word' id='word_1_476' title='bbox 1455 3674 1710 3717; x_wconf 76' lang='lat' dir='ltr'><strong>concreto·</strong></span> 
     </span>
    </p>

    <p class='ocr_par' dir='ltr' id='par_1_18' title="bbox 1382 3728 2445 3858">
     <span class='ocr_line' id='line_1_73' title="bbox 1447 3728 2445 3792; baseline -0.008 -7"><span class='ocrx_word' id='word_1_477' title='bbox 1447 3734 1605 3791; x_wconf 76' lang='lat' dir='ltr'><strong>vobis,</strong></span> <span class='ocrx_word' id='word_1_478' title='bbox 1634 3733 1718 3783; x_wconf 87' lang='lat' dir='ltr'><strong>die</strong></span> <span class='ocrx_word' id='word_1_479' title='bbox 1741 3732 1821 3783; x_wconf 88' lang='lat' dir='ltr'><strong>ihr</strong></span> <span class='ocrx_word' id='word_1_480' title='bbox 1844 3730 1977 3782; x_wconf 87' lang='lat' dir='ltr'><strong>noch</strong></span> <span class='ocrx_word' id='word_1_481' title='bbox 2000 3733 2054 3781; x_wconf 90' lang='lat' dir='ltr'><strong>in</strong></span> <span class='ocrx_word' id='word_1_482' title='bbox 2079 3732 2177 3781; x_wconf 90' lang='lat' dir='ltr'><strong>den</strong></span> <span class='ocrx_word' id='word_1_483' title='bbox 2202 3728 2445 3792; x_wconf 86' lang='lat' dir='ltr'><strong>Lehrjah·</strong></span> 
     </span>
     <span class='ocr_line' id='line_1_74' title="bbox 1382 3797 2393 3858; baseline -0.006 -6"><span class='ocrx_word' id='word_1_484' title='bbox 1382 3819 1474 3852; x_wconf 87' lang='lat' dir='ltr'><strong>ren</strong></span> <span class='ocrx_word' id='word_1_485' title='bbox 1499 3800 1656 3852; x_wconf 82' lang='lat' dir='ltr'><strong>steht.</strong></span> <span class='ocrx_word' id='word_1_486' title='bbox 1688 3805 2116 3858; x_wconf 66' lang='lat' dir='ltr'><strong>commotione,</strong></span> <span class='ocrx_word' id='word_1_487' title='bbox 2143 3800 2164 3848; x_wconf 88' lang='grc' dir='ltr'>Ι</span> <span class='ocrx_word' id='word_1_488' title='bbox 2188 3797 2273 3858; x_wconf 87' lang='grc'><strong>34,</strong></span> <span class='ocrx_word' id='word_1_489' title='bbox 2299 3806 2393 3847; x_wconf 81' lang='lat'>154.</span> 
     </span>
    </p>

    <p class='ocr_par' dir='ltr' id='par_1_19' title="bbox 1375 3866 2448 4342">
     <span class='ocr_line' id='line_1_75' title="bbox 1447 3866 2443 3933; baseline -0.006 -13"><span class='ocrx_word' id='word_1_490' title='bbox 1447 3879 1538 3920; x_wconf 83' lang='lat'>119.</span> <span class='ocrx_word' id='word_1_491' title='bbox 1587 3870 1883 3933; x_wconf 65' lang='grc' dir='ltr'><strong>αιιηιιαωατ,</strong></span> <span class='ocrx_word' id='word_1_492' title='bbox 1919 3869 1950 3929; x_wconf 63' lang='lat' dir='ltr'><strong>g</strong></span> <span class='ocrx_word' id='word_1_493' title='bbox 1984 3866 2068 3918; x_wconf 82' lang='grc'><strong>60.</strong></span> <span class='ocrx_word' id='word_1_494' title='bbox 2122 3867 2326 3918; x_wconf 78' lang='lat' dir='ltr'><strong>dicendi</strong></span> <span class='ocrx_word' id='word_1_495' title='bbox 2368 3868 2443 3914; x_wconf 81' lang='grc' dir='ltr'><em>ιιι-</em></span> 
     </span>
     <span class='ocr_line' id='line_1_76' title="bbox 1375 3935 2445 4000; baseline -0.007 -12"><span class='ocrx_word' id='word_1_496' title='bbox 1375 3938 1604 4000; x_wconf 77' lang='lat' dir='ltr'><strong>minibus,</strong></span> <span class='ocrx_word' id='word_1_497' title='bbox 1632 3953 1677 3988; x_wconf 88' lang='lat' dir='ltr'><strong>s.</strong></span> <span class='ocrx_word' id='word_1_498' title='bbox 1698 3936 1804 3987; x_wconf 85' lang='lat' dir='ltr'><strong>ind.</strong></span> <span class='ocrx_word' id='word_1_499' title='bbox 1825 3936 2032 3986; x_wconf 86' lang='lat' dir='ltr'><strong>lumina.</strong></span> <span class='ocrx_word' id='word_1_500' title='bbox 2058 3935 2183 3985; x_wconf 84' lang='lat' dir='ltr'><strong>Also</strong></span> <span class='ocrx_word' id='word_1_501' title='bbox 2203 3949 2302 3983; x_wconf 90' lang='lat' dir='ltr'><strong>nur</strong></span> <span class='ocrx_word' id='word_1_502' title='bbox 2320 3942 2445 3983; x_wconf 82' lang='lat' dir='ltr'><strong>etwa</strong></span> 
     </span>
     <span class='ocr_line' id='line_1_77' title="bbox 1378 4001 2438 4055; baseline -0.006 0"><span class='ocrx_word' id='word_1_503' title='bbox 1378 4004 1706 4055; x_wconf 83' lang='lat' dir='ltr'><strong>hinsichtlich</strong></span> <span class='ocrx_word' id='word_1_504' title='bbox 1740 4004 1830 4054; x_wconf 87' lang='lat' dir='ltr'><strong>der</strong></span> <span class='ocrx_word' id='word_1_505' title='bbox 1862 4002 2192 4055; x_wconf 85' lang='lat' dir='ltr'><strong>stilistischen</strong></span> <span class='ocrx_word' id='word_1_506' title='bbox 2214 4001 2438 4051; x_wconf 83' lang='lat' dir='ltr'><strong>Darstel·</strong></span> 
     </span>
     <span class='ocr_line' id='line_1_78' title="bbox 1378 4068 2439 4139; baseline -0.004 -17"><span class='ocrx_word' id='word_1_507' title='bbox 1378 4075 1506 4139; x_wconf 80' lang='lat' dir='ltr'><strong>lung</strong></span> <span class='ocrx_word' id='word_1_508' title='bbox 1520 4074 1587 4123; x_wconf 88' lang='lat' dir='ltr'><strong>ist</strong></span> <span class='ocrx_word' id='word_1_509' title='bbox 1605 4072 1689 4123; x_wconf 76' lang='lat' dir='ltr'><strong>fiir</strong></span> <span class='ocrx_word' id='word_1_510' title='bbox 1698 4072 1841 4122; x_wconf 87' lang='lat' dir='ltr'><strong>diese</strong></span> <span class='ocrx_word' id='word_1_511' title='bbox 1852 4078 2149 4136; x_wconf 79' lang='lat' dir='ltr'><strong>argumenta</strong></span> <span class='ocrx_word' id='word_1_512' title='bbox 2161 4071 2276 4120; x_wconf 89' lang='lat' dir='ltr'><strong>eine</strong></span> <span class='ocrx_word' id='word_1_513' title='bbox 2294 4068 2439 4120; x_wconf 82' lang='lat' dir='ltr'><strong>theo-</strong></span> 
     </span>
     <span class='ocr_line' id='line_1_79' title="bbox 1378 4137 2443 4204; baseline -0.005 -13"><span class='ocrx_word' id='word_1_514' title='bbox 1378 4140 1597 4191; x_wconf 86' lang='lat' dir='ltr'><strong>retische</strong></span> <span class='ocrx_word' id='word_1_515' title='bbox 1643 4139 2034 4204; x_wconf 80' lang='lat' dir='ltr'><strong>Unterweisung</strong></span> <span class='ocrx_word' id='word_1_516' title='bbox 2091 4137 2443 4202; x_wconf 77' lang='lat' dir='ltr'><strong>erforderlich‚</strong></span> 
     </span>
     <span class='ocr_line' id='line_1_80' title="bbox 1380 4206 2448 4268; baseline -0.005 -8"><span class='ocrx_word' id='word_1_517' title='bbox 1380 4210 1462 4260; x_wconf 90' lang='lat' dir='ltr'><strong>bei</strong></span> <span class='ocrx_word' id='word_1_518' title='bbox 1496 4209 1588 4260; x_wconf 86' lang='lat' dir='ltr'><strong>der</strong></span> <span class='ocrx_word' id='word_1_519' title='bbox 1619 4207 1783 4259; x_wconf 85' lang='lat' dir='ltr'><strong>Lehre</strong></span> <span class='ocrx_word' id='word_1_520' title='bbox 1816 4223 1917 4259; x_wconf 84' lang='lat' dir='ltr'><strong>von</strong></span> <span class='ocrx_word' id='word_1_521' title='bbox 1952 4208 2043 4259; x_wconf 85' lang='lat' dir='ltr'><strong>der</strong></span> <span class='ocrx_word' id='word_1_522' title='bbox 2077 4207 2323 4268; x_wconf 81' lang='lat' dir='ltr'><strong>elocutio,</strong></span> <span class='ocrx_word' id='word_1_523' title='bbox 2364 4206 2448 4256; x_wconf 85' lang='lat' dir='ltr'><strong>die</strong></span> 
     </span>
     <span class='ocr_line' id='line_1_81' title="bbox 1381 4274 2338 4342; baseline 0 -17"><span class='ocrx_word' id='word_1_524' title='bbox 1381 4276 1605 4328; x_wconf 83' lang='lat' dir='ltr'><strong>hernach</strong></span> <span class='ocrx_word' id='word_1_525' title='bbox 1628 4275 1843 4329; x_wconf 78' lang='lat' dir='ltr'><strong>Crassus</strong></span> <span class='ocrx_word' id='word_1_526' title='bbox 1869 4282 2206 4342; x_wconf 78' lang='lat' dir='ltr'><strong>vorzutragen</strong></span> <span class='ocrx_word' id='word_1_527' title='bbox 2235 4274 2338 4329; x_wconf 81' lang='lat' dir='ltr'><strong>hat.</strong></span> 
     </span>
    </p>
   </div>
  </div>
 </body>
</html>
