2930 4693
940 232 1041 295 DE
1071 231 1429 294 ORATORE
1453 232 1506 294 11
1543 229 1640 293 13.
1671 237 1912 292 52—54.
2413 237 2537 300 115

481 402 574 471 Si,
618 408 684 463 ut
722 402 935 464 Graeci
977 402 1371 481 scripserunt,
1413 402 1657 472 summi,
1698 403 1890 482 inquit
1924 397 2292 472 ,ΟΑΉΠιῦες
2347 404 2426 473 si,
2474 409 2540 464 ut

311 488 529 556 nostri,
562 486 711 547 nihil
739 505 889 566 opus
918 493 1009 547 est
1037 493 1300 557 oratore;
1344 487 1487 547 satis
1515 492 1607 547 est
1636 504 1757 546 non
1787 505 1916 548 esse
1947 486 2313 548 mendacem.

480 572 682 651 Atqui,
716 589 794 631 ne
823 578 1057 632 nostros
1088 578 1460 641 contemnas,
1496 571 1691 650 inquit
1717 569 2115 640 ANTONIUS,
2150 572 2361 632 Graeci
2390 592 2536 653 quo-

310 673 427 736 que
456 655 572 734 ipsi
599 657 686 716 sic
714 657 882 717 initio
911 656 1350 735 scriptitarunt,
1391 662 1458 716 ut
1485 662 1689 715 noster
1719 657 1890 726 Cato,
1937 663 2002 716 ut
2027 656 2257 726 Pictor,
2288 661 2355 717 ut
2381 657 2535 718 Piso.

310 740 454 801 Erat
495 741 654 801 enim
697 741 942 801 historia
986 739 1134 801 nihil
1176 739 1334 801 aliud
1376 741 1492 801 nisi
1532 739 1832 802 annalium
1870 740 2198 810 confectio;
2244 742 2410 802 cuius
2449 743 2540 802 rei
2569 753 2638 802 52

311 825 751 903 memoriaeque
790 824 1063 904 publicae
1104 824 1452 886 retinendae
1493 842 1667 886 causa
1708 824 1783 885 ab
1813 826 1982 886 initio
2012 843 2215 886 rerum
2244 825 2537 887 Romana-

311 926 444 969 rum
489 927 678 988 usque
716 909 790 969 ad
819 910 885 970 P.
916 909 1173 970 Mucium
1212 910 1553 990 pontificem
1595 910 1918 971 maximum
1959 928 2057 970 res
2097 910 2303 971 omnes
2338 912 2536 990 singu-

310 991 504 1053 lorum
550 1011 841 1055 annorum
882 993 1201 1055 mandabat
1240 994 1453 1056 litteris
1493 994 1760 1073 pontifex
1789 995 2082 1055 maximus
2121 994 2538 1075 referebatque

309 1078 373 1137 in
415 1075 613 1138 album
663 1085 723 1138 et
761 1078 1136 1158 proponebat
1174 1077 1433 1141 tabulam
1484 1078 1671 1149 domi,
1723 1084 1982 1158 potestas
2024 1086 2090 1139 ut
2130 1086 2286 1140 esset
2318 1078 2538 1159 populo

313 1162 743 1239 cognoscendi;
805 1164 889 1233 ei,
940 1164 1054 1242 qui·
1095 1164 1270 1225 etiam
1322 1182 1483 1225 nunc
1545 1162 1788 1224 annales
1838 1164 2079 1225 maximi
2137 1165 2537 1225 nominantur.

311 1246 477 1306 Hanc
507 1245 951 1309 similitudinem
982 1247 1284 1309 scribendi
1312 1246 1485 1309 multi
1512 1250 1700 1308 secuti
1725 1255 1878 1317 sunt,
1910 1250 2012 1328 qui
2040 1249 2169 1309 sine
2198 1247 2333 1309 ullis
2364 1267 2538 1310 orna·
2569 1258 2636 1310 53

313 1331 528 1391 mentis
567 1338 952 1394 monumenta
992 1332 1183 1394 solum
1224 1340 1589 1413 temporum,
1643 1332 1977 1403 hominum,
2032 1332 2300 1405 locorum
2346 1341 2538 1412 gesta·

311 1432 563 1495 rumque
614 1434 815 1478 rerum
871 1416 1260 1497 reliquerunt.
1330 1417 1536 1497 ltaque
1583 1416 1772 1497 qualis
1823 1415 1979 1497 apud
2021 1420 2279 1478 Graecos
2317 1418 2539 1479 Phere-

313 1498 521 1578 cydeS,
554 1499 922 1573 Hellanicus,
954 1501 1219 1564 Acusilas
1247 1502 1359 1563 fuit
1393 1500 1609 1581 aliique
1639 1500 1950 1581 permulti,
1995 1499 2129 1561 talis
2164 1508 2366 1563 noster
2396 1503 2538 1563 Cato

313 1591 375 1643 et
399 1583 600 1659 Pictor
642 1595 701 1646 et
727 1585 892 1656 Piso,
945 1587 1049 1666 qui
1091 1604 1284 1666 neque
1328 1593 1561 1655 tenent,
1611 1585 1825 1665 quibus
1863 1584 2045 1646 rebus
2074 1593 2321 1646 ornetur
2349 1587 2539 1646 oratio

314 1667 512 1743 (modo
544 1670 702 1729 enim
733 1670 849 1731 huc
877 1672 989 1731 ista
1019 1678 1158 1732 sunt
1184 1670 1518 1751 importata)
1554 1677 1613 1730 et
1628 1718 1644 1740 ,
1689 1669 1827 1731 dum
1871 1669 2249 1748 intellegatur
2278 1668 2420 1749 quid
2452 1670 2539 1731 di-

314 1758 479 1823 cant,
526 1771 707 1815 unam
738 1754 975 1815 dicendi
1014 1754 1247 1817 laudem
1278 1763 1488 1836 putant
1518 1772 1647 1815 esse
1688 1753 2057 1816 brevitatem.
2115 1753 2445 1815 Paullulum
2476 1773 2540 1815 se

313 1838 503 1897 erexit
531 1844 592 1898 et
619 1837 844 1900 addidit
871 1839 1153 1901 historiae
1176 1842 1461 1901 maiorem
1493 1857 1706 1901 sonum
1737 1841 1897 1900 vocis
1925 1841 2015 1899 vir
2044 1836 2317 1918 optimus,
2345 1840 2540 1901 Crassi
2568 1850 2637 1900 54

312 1918 646 1992 familiariS,
677 1925 1001 2003 Antipater.
1069 1925 1264 1986 Ceteri
1294 1943 1412 1986 non
1445 1932 1831 1986 exornatores
1859 1942 2091 1995 rerum,
2135 1923 2241 1986 sed
2280 1930 2538 1986 tantum-

312 2005 491 2067 modo
521 2014 862 2069 narratores
894 2008 1152 2071 fuerunt.
1793 2066 1798 2069 Α
2648 1963 2733 2051 ls-

482 2091 609 2162 Est,
653 2092 846 2172 inquit
874 2088 1234 2165 CATULU'S,
1281 2103 1348 2157 ut
1375 2095 1543 2157 dicis.
1629 2094 1749 2157 Sed
1776 2096 1889 2156 iste
1917 2096 2046 2175 ipse
2075 2093 2305 2159 Caelius
2346 2112 2540 2175 neque
2579 2076 2661 2150 13

315 2174 581 2238 distinxit
608 2177 915 2240 historiam
945 2181 1227 2241 varietate
1268 2179 1534 2241 colorum
1576 2198 1770 2261 neque
1800 2179 2119 2241 verborum
2151 2178 2539 2241 collocatione

314 2342 436 2394 sche
453 2343 722 2412 Ffihigkeit
742 2348 1020 2412 erfordert3
1044 2350 1171 2400 aber
1193 2350 1374 2400 darum

318 2412 500 2462 bedarf
542 2429 598 2464 es
646 2415 786 2465 nicht
840 2416 1009 2482 gleich
1066 2418 1377 2468 besonderer

316 2479 681 2532 theoretischer
703 2482 1202 2545 Lehrvorschriften,
1239 2485 1374 2536 ohne

316 2547 400 2598 die
447 2549 537 2598 der
575 2551 780 2600 Redner
831 2551 924 2601 auf
960 2552 1153 2602 diesem
1196 2551 1376 2603 Gebiet

318 2615 488 2665 nichts
512 2617 695 2667 leisten
720 2619 908 2669 konne.

382 2691 438 2743 ut
456 2691 632 2735 noster
652 2686 780 2736 Cato
801 2692 913 2748 etc„
940 2687 1004 2735 de
1024 2686 1160 2751 legg.
1183 2687 1201 2735 l
1225 2688 1259 2736 2
1283 2687 1372 2737 ab·

229 2793 236 2804 .
317 2760 396 2801 est
408 2753 547 2800 enim
564 2752 777 2803 historia
793 2754 1013 2804 alitteris
1025 2754 1214 2804 nostris
1224 2754 1376 2817 (lasst

317 2820 421 2871 Cic.
447 2819 624 2869 seinen
644 2821 844 2871 Atticus
872 2818 1085 2886 sagen);
1111 2829 1259 2887 potes
1284 2837 1376 2873 au-

316 2895 419 2937 tem
468 2895 523 2937 tu
570 2887 797 2952 profecto
844 2888 1140 2940 satisfacere
1187 2890 1238 2939 in
1301 2905 1376 2950 ea,

317 2955 508 3020 quippe
533 2970 648 3005 cum
673 2957 740 3005 sit
774 2972 928 3021 opus,
965 2965 1022 3007 ut
1052 2957 1145 3008 tibi
1170 2959 1372 3021 quidem

318 3022 479 3073 videri
496 3023 645 3085 solet,
668 3039 825 3075 unum
845 3025 941 3075 hoc
966 3028 1243 3077 oratorium
1265 3040 1373 3075 ma-

317 3091 474 3143 xime.
500 3092 662 3152 Quam
683 3094 868 3144 obrem
880 3095 1159 3158 aggredere
1173 3104 1378 3144 etsume

317 3158 385 3208 ad
396 3158 530 3210 hanc
547 3175 653 3209 rem
677 3170 896 3226 tempuS,
911 3176 1042 3224 quae
1052 3170 1131 3211 est
1150 3177 1181 3211 a
1194 3164 1380 3213 nostris

318 3226 612 3277 hominibus
634 3227 799 3278 adhuc
819 3236 908 3279 aut
930 3230 1174 3294 ignorata,
1187 3237 1276 3279 aut
1293 3245 1377 3279 re·

319 3293 455 3344 licta.
514 3295 644 3344 Nam
676 3302 796 3360 post
835 3297 1045 3346 annales
1079 3297 1378 3361 pontificum

318 3362 680 3424 maximorum,
707 3364 894 3427 quibus
919 3362 1047 3413 nihil
1070 3373 1239 3429 potest
1264 3379 1378 3415 esse

318 3430 537 3480 ieiunius
560 3428 772 3496 (vulgoz
797 3431 1111 3494 iucundius),
1138 3433 1184 3481 si
1202 3441 1291 3482 aut
1312 3433 1379 3482 ad

318 3498 556 3557 Fabium,
589 3507 678 3548 aut
711 3499 778 3549 ad
814 3513 931 3548 eum
956 3499 1043 3561 qui
1064 3499 1155 3549 tibi
1179 3514 1381 3565 semper

320 3566 372 3615 in
407 3579 494 3615 ore
530 3574 609 3615 est
644 3565 883 3617 Catonem
915 3575 1005 3615 aut
1037 3567 1106 3617 ad
1138 3568 1377 3618 Pisonem

318 3631 523 3692 venias,
562 3648 871 3699 quamquam
906 3648 972 3683 ex
1004 3632 1087 3684 his
1121 3634 1252 3684 alius
1276 3635 1376 3684 alio

318 3701 435 3766 plus
469 3700 622 3751 habet
651 3702 867 3766 virium,
913 3710 1086 3752 tamen
1121 3704 1246 3767 quid
1277 3709 1378 3752 tam

319 3770 477 3828 exile,
504 3785 651 3834 quam
672 3772 762 3821 isti
782 3772 989 3822 omnes?

387 3845 457 3886 52.
493 3840 731 3901 annales,
758 3853 799 3891 s,
824 3839 933 3889 ind.
954 3836 1137 3903 pontif.
1163 3837 1253 3887 lib.

386 3906 440 3955 in
463 3905 626 3955 album
637 3906 765 3954 —in
779 3906 893 3956 eine
910 3904 1246 3956 fibertfinchte
1258 3903 1378 3970 (ge-

319 3970 516 4037 gipste)
541 3972 701 4023 Tafel.

389 4048 455 4091 53.
477 4040 573 4091 Die
582 4040 693 4089 hier
701 4051 991 4105 genannten
1010 4040 1199 4107 griech.
1211 4042 1381 4092 Histo-

318 4109 457 4158 riker
478 4109 803 4159 vorHerodot
821 4122 992 4158 waren
1012 4111 1097 4160 die
1107 4119 1276 4161 ersten
1287 4109 1380 4158 Be-

321 4176 544 4240 grfinder
564 4178 656 4227 der
676 4176 1204 4227 schriftstellerischen
1221 4178 1380 4227 Prosa

320 4244 607 4311 uberhaupt
629 4261 682 4295 ιι.
709 4244 975 4295 schlossen
1007 4244 1119 4295 sich
1148 4259 1283 4310 ganz
1315 4259 1379 4294 an

1479 2350 1566 2401 die
1597 2349 1733 2399 alten
1772 2345 2014 2416 epischen
2038 2346 2283 2399 Gedichte
2317 2363 2398 2398 an.
2451 2346 2541 2399 Sie

1477 2417 1703 2483 gehiiren
1728 2434 1793 2467 zu
1811 2418 1908 2467 den
1928 2416 1970 2465 L
1985 2415 2396 2482 ogographen
2411 2452 2429 2480 ,
2455 2416 2540 2466 die

1479 2484 1713 2545 ahnlich,
1759 2486 1854 2535 wie
1900 2485 1984 2535 die
2029 2493 2320 2548 genannten
2364 2484 2536 2534 latein.

1481 2552 1815 2613 Chronisten‚
1863 2551 1995 2601 ohne
2028 2551 2192 2601 Kritik
2230 2551 2336 2600 und
2368 2551 2536 2601 Rede-

1481 2619 1726 2669 schmuck
1761 2619 1846 2669 die
1881 2618 2103 2669 Stamm-
2138 2635 2191 2668 u.
2216 2617 2539 2682 Lokalsagen

1478 2687 1887 2751 chronikenartig
1903 2687 1959 2735 in
1978 2686 2069 2736 der
2080 2685 2392 2736 natiirlichen
2404 2686 2537 2735 Zeit-

1476 2754 1616 2820 folge
1640 2753 2100 2806 niederschrieben.
2146 2756 2293 2805 modo
2318 2761 2441 2816 etc„
2468 2756 2538 2803 111

1478 2822 1565 2883 51,
1591 2830 1682 2872 198.

1547 2898 1617 2939 54.
1654 2890 1792 2940 vocis
1835 2916 1903 2924 —
1948 2889 2040 2939 der
2071 2888 2400 2941 Unterschied
2446 2889 2539 2939 des

1482 2956 1655 3010 Calius
1677 2972 1780 3008 von
1804 2956 1902 3006 den
1927 2958 2140 3022 iibrigen
2161 2955 2247 3021 lag
2263 2957 2371 3007 also
2397 2956 2541 3006 mehr

1481 3026 1654 3090 daria,
1689 3026 1810 3075 dass
1845 3039 1900 3075 er
1932 3025 2073 3075 nicht
2104 3041 2163 3075 so
2199 3024 2444 3074 nfichtern
2470 3024 2539 3073 im

1481 3093 1755 3144 Ausdruck
1787 3108 1916 3154 war,
1950 3093 2121 3158 paullo
2154 3093 2349 3143 inflavit
2382 3090 2539 3142 vehe-

1482 3161 1725 3212 mentina.

1553 3229 1635 3279 14.
1682 3229 1932 3279 varietate
1965 3231 2210 3288 colorum,
2260 3227 2401 3277 scine
2446 3241 2539 3291 ge-

1483 3295 2149 3359 schichtlicheDarstellung
2172 3296 2239 3343 ist
2258 3293 2388 3343 noch
2406 3308 2539 3357 ganz

1483 3363 1756 3428 einf'ormig
1780 3361 1915 3412 ohne
1937 3360 2371 3412 Farbenwechsel.
2408 3360 2537 3410 Dass

1482 3433 1670 3482 Jacobs
1703 3431 1799 3481 das
1833 3431 1884 3479 in
1910 3430 2010 3479 den
2032 3429 2124 3480 Hs.
2151 3426 2539 3478 verschriebene

1484 3504 1707 3550 locorum
1729 3513 1787 3549 so
1814 3496 1997 3562 richtig
2019 3496 2264 3560 gedudert
2298 3494 2409 3557 hat,
2448 3496 2538 3546 be-

1479 3566 1622 3616 weist
1646 3566 1727 3616 Or.
1756 3564 1837 3623 19,
1865 3574 1930 3624 65,
1955 3579 2032 3614 wo
2054 3563 2158 3615 Cic.
2186 3563 2286 3613 den
2313 3563 2541 3628 epideik-

1479 3633 1677 3684 tischen
1711 3630 2232 3683 schonrednerischeu
2265 3630 2387 3691 Stil,
2424 3632 2540 3680 dem

1481 3702 1573 3752 der
1618 3698 2012 3766 geschichtliche
2058 3700 2110 3748 in
2160 3698 2398 3748 mancher
2440 3698 2537 3746 Be-

1482 3768 1705 3832 ziehung
1735 3767 1996 3816 verwandt
2025 3767 2119 3828 ist,
2166 3775 2316 3816 unter
2346 3764 2541 3815 andern

1480 3837 1588 3887 also
1600 3834 1866 3887 achildert:
1895 3836 2047 3885 verba
2056 3834 2210 3884 altius
2229 3831 2542 3883 transferunt
2567 3871 2568 3874 η

1482 3919 1646 3968 eaque
1662 3905 1739 3954 ica
1755 3905 2033 3967 disponunt
2051 3909 2108 3953 ut
2122 3903 2355 3966 pictores
2371 3901 2542 3951 varie·

1483 3979 1636 4023 tatem
1668 3975 1905 4022 colorum.
1961 3970 2089 4020 Huic
2122 3969 2296 4034 generi
2329 3967 2542 4018 historia

1482 4040 1698 4089 finitima
1721 4047 1814 4099 est,
1839 4039 1893 4087 in
1913 4052 2013 4100 qua
2037 4046 2086 4087 et
2109 4044 2340 4086 narratur
2364 4045 2542 4085 ornate

1484 4114 1534 4156 et
1557 4107 1696 4171 regio
1721 4120 1877 4171 saepe
1910 4114 1996 4156 aut
2019 4119 2192 4171 pugna
2217 4104 2538 4164 describitur,

1482 4175 1874 4240 interponuntur
1893 4174 2044 4223 etiam
2056 4171 2320 4223 contiones
2347 4179 2396 4222 et
2418 4168 2539 4221 hor-

1482 4242 1729 4302 tationes3
1765 4241 1860 4293 sed
1890 4242 1941 4292 in
1978 4240 2059 4293 his
2094 4248 2254 4292 tracta
2287 4239 2538 4304 quaedam
