2930 4693
307 551 407 605 351

254 2851 340 2924 87
360 2859 462 2915 355

438 189 566 257 216

1016 185 1115 249 BE
1150 185 1509 248 ORAToRss
1550 186 1603 247 11
1644 181 1745 247 87.
1785 191 2093 248 ast—³55.

437 365 578 419 tuae
606 355 1007 436 nudatumque
1035 355 1364 435 perspicio3
1407 361 1468 415 et
1490 353 1649 434 quod
1682 355 1827 415 mihi
1867 355 2017 417 nihil
2046 364 2147 417 aut
2175 357 2334 436 quod
2367 375 2489 418 non
2519 355 2685 421 mul-

440 449 564 503 tum
596 440 903 520 relinquis,
934 439 1358 520 percommode
1387 439 1536 500 facis
1566 447 1773 518 estque
1805 441 1950 500 mihi
1981 449 2235 519 gratum.

608 541 729 603 lam
759 542 912 602 istuc
944 547 1229 622 quantum
1258 538 1368 600 tibi
1397 555 1509 617 ego
1540 537 1904 619 reliquerim,
1935 541 2128 622 inquit
2152 541 2535 613 ANTomns,
2563 544 2686 604 erit
2792 628 2801 637 .

437 629 500 689 ln
530 634 630 689 tua
658 633 968 708 potestate.
1029 625 1094 685 Si
1123 625 1279 685 enim
1312 640 1451 683 vere
1484 641 1661 702 agere
1691 623 1965 696 voluerlS,
1998 627 2194 686 omnia
2225 625 2335 687 tibi
2365 625 2676 708 relinquo;

438 714 530 773 sin
561 708 948 775 dissimulare,
996 717 1057 769 tu
1102 705 1600 790 quemadmodum
1642 708 1735 769 his
1776 710 1918 770 satis
1960 708 2159 781 facias,
2206 710 2444 771 videris
2534 711 2678 782 Sed,

437 804 504 857 ut
545 797 618 857 ad
670 811 796 856 rem
839 793 1100 860 redeam,
1155 809 1275 852 non
1316 809 1447 853 sum
1498 798 1662 853 tanto
1705 810 1832 871 ego,
1885 794 2093 875 inquit,
2142 795 2401 873 ingenio,
2453 803 2681 875 quanto

437 877 866 942 Themistocles
895 875 1024 948 fuit,
1054 884 1121 938 ut
1150 875 1460 937 oblivionis
1490 884 1678 938 artem
1709 895 1885 956 quam
1918 880 2240 938 memoriae
2271 877 2503 949 malim;
2537 887 2678 958 gra-

440 968 702 1045 tiamque
732 961 925 1024 habeo
964 960 1255 1022 Simonidi
1283 958 1370 1020 illi
1400 961 1538 1032 Ceo,
1570 979 1747 1040 quem
1778 963 2035 1040 primum
2071 963 2270 1023 serunt
2315 970 2505 1023 artem
2548 982 2677 1024 me-

304 1061 407 1114 352
437 1052 663 1111 moriae
685 1044 1019 1127 protulisse.
1063 1045 1280 1106 Dicunt
1302 1045 1479 1114 enim,
1513 1062 1645 1105 cum
1677 1053 1957 1106 coenaret
1979 1047 2251 1107 Cranone
2279 1049 2341 1107 in
2367 1046 2677 1109 Thessalia

436 1132 771 1195 Simonides
800 1128 954 1210 apud
987 1130 1240 1209 Scopam
1269 1128 1634 1189 fortunatum
1676 1128 1976 1190 hominem
2022 1138 2081 1191 et
2123 1129 2381 1192 nobilem
2425 1133 2677 1192 cecinis-

437 1225 642 1297 setque
668 1214 728 1275 id
761 1231 1022 1284 carmen,
1070 1212 1228 1293 quod
1268 1213 1332 1273 in
1375 1231 1510 1273 eum
1552 1214 1901 1293 scripsisset,
1945 1215 2009 1274 in
2051 1233 2167 1296 quo
2207 1213 2379 1276 multi
2419 1215 2677 1277 ornandi

438 1319 611 1362 causa
652 1303 962 1379 poetarum
1010 1313 1178 1358 more
1217 1298 1279 1357 in
1322 1297 1626 1358 Castorem
1682 1299 1899 1376 scripta
1944 1305 2003 1358 et
2044 1297 2344 1362 Pollucem
2402 1300 2673 1370 fuissent,

437 1386 613 1446 nimis
652 1383 818 1444 illum
866 1382 1103 1445 sordide
1144 1381 1434 1443 Simonidi
1479 1381 1694 1442 dixisse
1735 1400 1799 1442 se
1842 1382 2148 1444 dimidium
2193 1385 2319 1444 eius
2366 1386 2449 1454 ei,
2506 1385 2666 1465 quod

436 1476 642 1552 pactus
673 1475 845 1538 esset,
878 1485 988 1547 pro
1018 1465 1120 1526 illo
1151 1467 1416 1527 carmine
1449 1465 1754 1535 daturum:
1799 1465 2094 1546 reliquum
2146 1485 2177 1527 a
2219 1469 2340 1527 suis
2380 1467 2676 1547 Tyndari-

302 1558 407 1611 353
437 1555 544 1623 dis,
627 1572 736 1614 uos
781 1569 967 1634 aeque
1008 1550 1321 1619 laudasset,
1372 1557 1620 1629 peteret,
1666 1551 1715 1609 si
1759 1551 1815 1610 ei
1866 1552 2183 1613 videretur.
2272 1551 2478 1613 Paullo
2530 1561 2668 1632 post

436 1656 564 1699 esse
619 1646 798 1698 erunt
827 1637 1161 1698 nuntiatum
1193 1632 1502 1703 Simonidi,
1546 1641 1611 1694 ut
1639 1632 1936 1714 prodiret;
1980 1636 2221 1696 iuvenes
2262 1644 2421 1697 stare
2466 1636 2541 1698 ad
2581 1639 2669 1697 ia-

435 1740 611 1783 nuam
645 1721 760 1782 duo
800 1720 1104 1800 quosdam,
1150 1720 1251 1799 qui
1292 1735 1427 1779 eum
1468 1735 1686 1798 magno
1726 1737 1908 1798 opere
1950 1727 2294 1789 evocarent:
2340 1723 2671 1782 surrexisse

429 1806 615 1873 illum,
647 1805 933 1886 prodisse,
965 1803 1177 1864 vidisse
1207 1805 1528 1864 neminem.
1575 1802 1699 1863 Hoc
1722 1803 1958 1864 interim
1984 1804 2173 1883 spatio
2202 1804 2480 1865 conclave
2500 1804 2668 1873 illud,

432 1891 537 1951 ubi
567 1889 908 1968 epularetur
937 1888 1177 1967 Scopas,
1212 1887 1573 1955 concidisse;
1620 1905 1687 1946 ea
1719 1888 1891 1948 ruina
1919 1889 2113 1967 ipsum
2145 1906 2498 1968 oppressum
2531 1907 2663 1950 cum

433 1976 555 2035 suis
582 1974 875 2034 interisse.
934 1969 1094 2043 Quos
1122 1987 1257 2032 cum
1288 1971 1536 2032 humare
1565 1970 1783 2031 vellent
1812 1973 1901 2032 sui
1926 1990 2118 2053 neque
2140 1980 2386 2053 possent
2414 1973 2668 2035 obtritos

431 2060 838 2119 internoscere
867 2053 989 2117 ullo
1019 2055 1213 2125 modo,
1249 2054 1583 2115 Simonides
1613 2053 1828 2117 dicitur
1859 2073 1931 2117 ex
1961 2075 2051 2127 eo,
2098 2058 2256 2138 quod
2288 2059 2658 2120 meminisset

433 2161 550 2223 quo
603 2158 808 2203 eorum
848 2139 980 2204 loco
1024 2141 1272 2221 quisque
1318 2138 1644 2208 cubuisset,
1690 2139 2129 2202 demonstrator
2167 2142 2343 2202 unius
2385 2144 2669 2223 cuiusque

433 2225 756 2307 sepeliendi
785 2225 986 2286 fuisse.
1072 2223 1197 2286 Hac
1226 2231 1352 2284 tum
1383 2241 1450 2283 re
1481 2222 1816 2284 admonitus
1845 2226 2139 2287 invenisse
2171 2227 2363 2287 fertur
2393 2225 2661 2287 ordinem

301 2326 406 2380 354
433 2330 563 2374 esse
592 2311 867 2382 maxime,
898 2310 1001 2391 qui
1029 2310 1354 2370 memoriae
1384 2305 1589 2370 lumen
1619 2308 1897 2371 adferret.
1985 2310 2188 2392 Itaque
2222 2311 2325 2389 εἰς,
2370 2312 2472 2391 qui
2512 2311 2665 2374 hanc

428 2403 662 2477 partem
690 2395 915 2474 ingenii
945 2401 1309 2464 exercerent,
1342 2392 1506 2454 locos
1538 2411 1667 2454 esse
1698 2394 2017 2473 capiendos
2047 2403 2106 2455 et
2137 2413 2222 2464 ea,
2256 2414 2408 2475 quae
2439 2414 2664 2458 memo-

429 2483 519 2542 ria
549 2489 755 2541 tenere
796 2478 1029 2548 vellent,
1076 2476 1411 2556 effingenda
1454 2479 1652 2538 animo
1683 2485 1859 2559 atque
1899 2479 1962 2539 in
1992 2480 2086 2541 his
2114 2478 2261 2540 locis
2293 2479 2661 2550 collocanda;

431 2567 518 2625 sic
553 2564 701 2635 fore,
746 2572 813 2625 ut
842 2563 1114 2625 ordinem
1143 2580 1346 2623 rerum
1378 2560 1648 2623 locorum
1685 2561 1833 2622 ordo
1881 2571 2276 2635 conservaret,
2323 2583 2422 2625 res
2464 2572 2658 2625 autem

427 2651 586 2730 ipsas
613 2667 816 2710 rerum
848 2648 1072 2726 effigies
1100 2653 1337 2708 notaret
1365 2654 1541 2726 atque
1571 2655 1637 2707 ut
1666 2646 1811 2707 locis
1839 2666 1950 2727 pro
1990 2666 2145 2717 cera,
2191 2648 2523 2710 simulacris
2551 2666 2661 2728 pro

430 2734 644 2795 litteris
671 2739 997 2795 uteremur.

426 3102 637 3162 andere,
686 3100 761 3150 als
796 3100 889 3164 dn,
938 3115 1018 3150 wo
1050 3115 1106 3149 er
1137 3097 1247 3150 sich
1280 3099 1373 3150 auf
1394 3101 1491 3150 den

427 3168 755 3234 Standpunkt
813 3169 904 3218 der
960 3167 1260 3233 Opposition
1326 3182 1493 3233 gegen

429 3237 644 3353 Crasmlls
678 3251 743 3285 zu
776 3235 957 3286 stellen
991 3235 1131 3285 hatte
1168 3234 1298 3300 (vgl.
1334 3237 1367 3298 S
1390 3233 1495 3286 349

424 3321 478 3354 u.
506 3306 528 3354 1
551 3305 584 3354 5
622 3340 636 3364 ,
661 3311 754 3353 219.

494 3381 587 3422 351.
637 3386 759 3422 vere
804 3382 983 3435 agere,
1032 3368 1314 3435 aufrichtig.
1351 3369 1401 3422 d.
1437 3369 1491 3422 h.

425 3438 536 3488 hier
559 3438 871 3504 vollstfiudig
893 3437 1162 3487 verfahren
1195 3438 1266 3486 im

424 3514 535 3556 satz
547 3521 647 3556 von
661 3506 985 3555 dissimulare
996 3504 1021 3566 ί
1023 3503 1192 3554 hinter
1200 3505 1316 3555 dem
1328 3504 1493 3569 Berge

422 3571 640 3636 halten).
686 3575 903 3631 videm'S,
941 3571 1083 3639 333.
1107 3596 1179 3608 --
1218 3572 1494 3623 Themisco-

421 3645 551 3698 cle⁸‚
578 3642 611 3704 S
635 3637 757 3691 299.

491 3717 585 3760 352.
614 3712 885 3773 poetarum
903 3718 1045 3757 more
1067 3732 1135 3741 —
1156 3705 1252 3755 wie
1277 3720 1324 3758 z.
1351 3705 1412 3757 B.
1436 3706 1488 3755 in

422 3776 637 3826 Pindars
663 3776 1125 3840 Siegesgesiingen.

491 3852 583 3893 353.
623 3859 731 3893 cum
752 3844 860 3893 suia
881 3866 951 3879 --
973 3842 1042 3890 im
1067 3840 1303 3890 weiteren
1328 3841 1485 3892 Sinn:

422 3919 557 3960 samt
575 3912 742 3961 seiner
759 3906 1080 3974 Umgebuug‚
1105 3909 1281 3958 seinen
1296 3906 1491 3959 Freun-

424 3978 553 4038 den,
597 3986 855 4027 wornnter
885 3975 1016 4026 auch
1050 3976 1356 4027 Verwandte
1388 3990 1491 4027 von

420 4043 528 4091 ihm
547 4056 737 4107 waren,
756 4044 892 4106 1112,
919 4050 970 4104 8;
995 4041 1050 4107 6,
1072 4050 1142 4093 2³.
1168 4042 1490 4094 adAtt.X1V

425 4108 507 4167 12,
533 4118 559 4158 2
577 4108 839 4174 Octavius,
866 4124 1015 4174 quem
1034 4110 1241 4174 quidem
1261 4114 1345 4162 aui
1359 4110 1491 4162 Cae·

422 4186 588 4225 sarem
613 4177 929 4239 salutabant,
957 4174 1225 4242 Philippus
1248 4192 1371 4229 non.

601 2850 716 2922 Qui
743 2852 821 2911 sit
849 2857 1044 2911 autem
1067 2850 1294 2910 oratori
1314 2850 1637 2911 memoriae
1656 2850 1904 2920 fructus,
1936 2857 2154 2929 quanta
2179 2848 2414 2921 utilitaS‚
2446 2859 2661 2931 quanta

1642 3109 1737 3150 354.
1760 3101 2068 3177 effingenda,
2093 3102 2145 3151 in
2165 3103 2243 3152 eiu
2272 3100 2658 3167 (eutsprechew

1600 3167 1714 3229 des)
1742 3167 2150 3249 mnemomsclies
2176 3169 2318 3219 Bild
2342 3170 2541 3230 faseeu,
2566 3170 2658 3220 das

1596 3235 1828 3368 332323.
1837 3236 1963 3365 11¹3>
1975 3235 2388 3353 ὅὲὲἷῗὲὲἷῗῗηὲὲἷ
2398 3235 2658 3354 tam:

1596 3378 1681 3420 ten
1706 3371 1883 3421 Platz
1908 3371 2108 3435 gestellt
2130 3372 2274 3421 wird.
2313 3370 2415 3422 Das
2441 3373 2508 3422 ist
2531 3371 2657 3421 noch

1472 3461 1495 3473 -
1597 3439 1776 3487 immet·
1801 3440 1892 3488 das
1916 3438 2263 3489 Wesentliche
2292 3439 2442 3504 jedes
2477 3452 2537 3490 so
2566 3454 2659 3504 ge-

1596 3513 1822 3555 nannten
1854 3505 2271 3556 mnemonischen
2299 3507 2557 3571 Systems,
2594 3522 2655 3557 an

1593 3573 1850 3623 bekannte
1896 3573 1996 3623 fest
2042 3574 2374 3638 eingeprfigte
2413 3573 2660 3624 Oertlieh·

1594 3640 1791 3699 keiten,
1829 3641 1912 3690 die
1946 3641 2062 3702 (wie
2087 3642 2169 3691 die
2193 3642 2301 3692 Hau
2343 3641 2533 3707 tplfltze
2552 3642 2659 3691 und

1591 3706 2081 3774 hervorrngendsten
2115 3709 2290 3760 Gebiin
2330 3724 2358 3757 e
2390 3709 2482 3759 der
2515 3709 2661 3759 Stadt

1591 3776 1715 3825 oder
1760 3777 1843 3826 die
1891 3775 2224 3826 Hauserreihe
2277 3777 2418 3825 einer
2459 3776 2659 3826 Strasse

1591 3843 1717 3892 oder
1747 3843 1831 3892 die
1865 3843 2217 3909 Zimmerl'olge
2260 3845 2397 3893 eines
2432 3841 2659 3907 Hansee)

1594 3910 1645 3959 in
1682 3909 1817 3959 ihrer
1852 3910 2336 3961 unveriinderlichen
2373 3910 2661 3961 Aufeinan-

1593 3977 1823 4041 derfolge
1858 3985 1984 4027 stets
2018 3979 2366 4043 gegenwiirtig
2409 3978 2554 4039 sind,
2601 3977 2657 4027 in

1593 4044 1866 4095 Godanken
1891 4046 2109 4109 gewisse
2122 4045 2290 4096 Bilder
2315 4045 2418 4095 und
2438 4042 2657 4095 Zeichen

1590 4111 1666 4160 als
1690 4111 1880 4175 Trager
1912 4113 2004 4162 der
2037 4128 2100 4162 zu
2132 4111 2466 4163 behaltenden
2492 4113 2661 4180 Dinge

1589 4179 1952 4244 anzuknfipt'en
1969 4214 1987 4245 ‚
2015 4195 2057 4230 s.
2084 4180 2192 4230 ind.
2217 4180 2528 4231 Mnemonik.
2639 4176 2646 4183 ’
