2930 4693
865 206 962 269 DE
994 205 1351 270 ORATORE
1378 206 1405 268 l
1436 203 1537 268 38.
1577 212 1900 267 171-174,
2416 210 2499 274 59

262 375 318 436 ei
346 392 634 455 persaepe
665 374 894 446 dicere,
927 393 1121 456 neque
1149 373 1317 437 illum
1345 376 1406 436 in
1438 377 1568 436 iure
1600 374 1756 436 civili
1785 375 1926 436 satis
1974 371 2085 456 [illi
2115 374 2250 459 arti]
2298 376 2495 437 facere

260 478 461 538 posse,
508 461 622 520 nisi
654 460 889 522 dicendi
931 462 1164 541 copiam
1208 460 1630 540 adsumpsisset
1670 495 1740 505 —-
1772 459 1932 541 quod
1961 460 2201 540 quidem
2231 461 2360 528 hic,
2394 462 2493 541 qui

262 562 497 606 mecum
548 543 754 606 consul
799 545 913 606 fuit
933 592 948 615 ,
1001 544 1159 607 filius
1203 546 1329 605 eius
1370 551 1462 606 est
1492 552 1846 607 consecutus
1881 580 1951 591 --
1973 593 1988 615 ,
2042 563 2234 626 neque
2264 563 2328 606 se
2359 554 2495 607 ante

263 646 471 690 causas
521 631 847 692 amicorum
880 637 1136 691 tractare
1188 637 1364 710 atque
1396 647 1575 709 agere
1606 632 1902 711 coepisse,
1957 648 2134 709 quam
2185 632 2277 691 ius
2328 629 2495 691 civile

264 712 583 775 didicisset.
667 715 818 787 Quid
848 733 988 776 vero
1018 714 1117 776 ille
1146 715 1224 776 M.
1257 715 1435 777 Cato?
1489 732 1688 776 nonne
1720 725 1779 777 et
1808 713 2144 795 eloquentia
2174 722 2335 776 tanta
2363 714 2493 787 fuit,
2527 722 2622 779 171

263 805 543 877 quantam
565 797 666 861 illa
688 806 958 879 tempora
981 807 1157 879 atque
1185 799 1285 860 illa
1307 807 1469 861 aetas
1497 800 1560 860 in
1589 801 1703 861 hac
1732 801 1962 862 civitate
1993 799 2152 861 ferre
2182 801 2498 862 maximam

261 885 484 962 potuit,
511 891 579 945 -et
606 885 755 947 iuris
785 883 971 946 civilis
1002 886 1269 946 omnium
1315 885 1749 965 peritissimus?
1826 885 2234 946 Verecundius
2285 885 2399 946 hac
2429 884 2503 945 de

263 986 332 1029 re
382 970 501 1030 iam
533 968 755 1031 dudum
785 966 997 1050 loquor
1022 1017 1037 1042 ,
1092 970 1251 1051 quod
1281 969 1448 1032 adest
1476 972 1565 1031 vir
1592 972 1658 1031 in
1688 969 1940 1032 dicendo
1969 988 2236 1032 summus
2256 1018 2272 1041 ,
2326 988 2501 1051 quem

266 1070 379 1133 ego
406 1071 599 1116 unum·
624 1062 924 1116 oratorem
953 1056 1208 1117 maxime
1240 1054 1533 1126 admiror;
1566 1054 1670 1117 sed
1700 1061 1900 1117 tamen
1929 1054 2091 1116 idem
2120 1056 2236 1117 hoc
2264 1072 2502 1135 semper

262 1140 355 1200 ius
385 1138 553 1200 civile
582 1141 957 1220 contempsit.
1040 1140 1279 1211 Verum,
1336 1142 1615 1221 quoniam
1645 1141 1975 1202 sententiae
2005 1147 2181 1221 atque
2212 1141 2508 1222 opinionis
2536 1144 2598 1195 17
2604 1144 2635 1194 2

265 1241 434 1286 meae
484 1222 749 1288 voluistis
807 1242 937 1286 esse
966 1227 1316 1306 participeS,
1369 1225 1518 1287 nihil
1549 1224 1859 1288 occultabo
1889 1232 1980 1298 et,
2033 1226 2228 1307 quoad
2269 1234 2573 1353 potero,.j

231 1366 246 1375 ,
266 1307 432 1371 vobis
463 1328 787 1390 exponam,
819 1310 962 1390 quid
989 1310 1066 1371 de
1096 1329 1327 1391 quaque
1357 1328 1425 1372 re
1453 1313 1725 1373 sentiam.

433 1397 673 1457 Antonii
702 1394 1070 1457 incredibilis
1100 1396 1388 1476 quaedam
1420 1403 1482 1457 et
1509 1414 1698 1477 prope
1730 1394 2044 1476 singularis
2089 1404 2147 1458 et
2191 1397 2384 1458 divina
2416 1398 2501 1458 vis
2542 1389 2628 1462 38

265 1479 491 1557 ingenii
513 1480 761 1553 videtur,
794 1482 1026 1541 etiamsi
1054 1481 1167 1543 hac
1196 1482 1442 1542 scientia
1475 1483 1623 1543 iuris
1653 1481 1874 1543 nudata
1902 1481 1998 1555 sit,
2030 1501 2205 1562 posse
2236 1501 2300 1542 se
2329 1482 2502 1543 facile

268 1566 485 1625 ceteris
537 1566 718 1626 armis
766 1566 1117 1647 prudentiae
1158 1567 1316 1628 tueri
1346 1573 1521 1646 atque
1551 1566 1893 1629 defendere.
1976 1565 2376 1639 Quamobrem
2405 1567 2504 1627 hic

265 1647 439 1709 nobis
489 1651 566 1712 sit
628 1657 935 1731 exceptus:
989 1659 1219 1713 ceteros
1267 1668 1409 1713 vero
1452 1670 1575 1713 non
1612 1650 1905 1713 dubitabo
1945 1653 2209 1731 primum
2250 1653 2502 1712 inertiae

272 1733 673 1797 condemnare
704 1738 996 1798 sententia
1025 1754 1173 1807 mea,
1206 1743 1343 1817 post
1368 1738 1546 1797 etiam
1576 1736 1998 1816 impudentiae.
2073 1736 2222 1798 Nam
2252 1735 2499 1809 volitare
2532 1742 2630 1794 173

271 1819 334 1878 in
366 1819 518 1892 foro,
551 1821 804 1882 haerere
832 1823 897 1883 in
923 1823 1055 1882 iure
1086 1839 1155 1882 ac
1184 1829 1529 1901 praetorum
1561 1819 1956 1882 tribunalibus
1974 1869 1990 1892 ,
2033 1821 2250 1882 iudicia
2280 1823 2507 1902 privata

273 1922 623 1983 magnarum
647 1924 850 1967 rerum
871 1905 1054 1976 obire,
1087 1908 1149 1967 in
1180 1906 1395 1986 quibus
1411 1924 1590 1986 saepe
1606 1925 1729 1967 non
1761 1905 1834 1966 de
1864 1906 2038 1977 facto,
2071 1906 2177 1967 sed
2201 1906 2275 1966 de
2305 1908 2505 1987 aequi-

270 1995 390 2050 tate
421 2008 489 2051 ac
518 1991 648 2052 iure
678 1998 970 2062 certetur,
1014 1993 1235 2052 iactare
1277 2009 1341 2051 se
1370 1992 1434 2051 in
1464 1993 1658 2052 causis
1684 1990 2236 2062 centumviralibuS,
2282 1993 2346 2052 in
2377 1993 2505 2072 qui-

270 2072 383 2135 bus
405 2078 851 2156 usucapionum,
876 2076 1210 2146 tutelarum,
1238 2075 1647 2154 gentilitatum,
1675 2076 2078 2155 agnationum,
2107 2076 2503 2146 adluvionum,

271 2160 830 2232 circumluvionum,
864 2180 1171 2232 nexorum,
1203 2162 1663 2241 mancipiorum,
1696 2162 2008 2240 parietum,
2042 2160 2348 2232 luminum,
2381 2161 2506 2222 stil-

268 2242 636 2317 licidiorum,
691 2253 1187 2308 testamentorum
1238 2253 1552 2326 ruptorum
1594 2252 1695 2306 aut
1739 2250 2006 2307 ratorum
2051 2254 2506 2326 ceterarumque

272 2348 471 2392 rerum
486 2330 1004 2394 innumerabilium
1031 2333 1163 2393 iura
1175 2339 1506 2403 versentur,
1539 2350 1676 2393 cum
1693 2332 1952 2403 omnino,
1987 2330 2126 2411 quid
2141 2350 2332 2403 suum,
2366 2332 2506 2412 quid

270 2413 547 2488 alienum,
580 2435 695 2498 qua
715 2435 782 2479 re
814 2417 1073 2497 denique
1104 2418 1246 2477 civis
1275 2423 1376 2479 aut
1403 2418 1775 2497 peregrinuS,
1809 2435 2014 2478 servus
2044 2424 2146 2478 aut
2173 2415 2327 2477 liber
2348 2419 2505 2497 quis·

268 2501 426 2580 piam
467 2503 570 2573 sit,
624 2505 887 2582 ignoret,
941 2503 1191 2581 insignis
1231 2509 1321 2563 est
1357 2502 1780 2583 impudentiae.
1848 2501 1953 2562 Illa
2005 2520 2145 2562 vero
2177 2501 2503 2562 deridenda
2536 2511 2635 2562 174

269 2585 613 2667 adrogantia
642 2596 758 2660 est,
791 2590 851 2649 in
878 2586 1210 2650 minoribus
1240 2588 1487 2667 navigiis
1517 2586 1726 2648 rudem
1758 2605 1887 2647 esse
1917 2604 1982 2647 se
2013 2586 2303 2658 confiteri,
2336 2588 2508 2666 quin-

269 2816 390 2859 tere.
446 2808 623 2859 Dieser
647 2809 758 2860 sein
783 2807 1125 2860 briiderlicher
1148 2808 1245 2859 Rat
1268 2809 1336 2859 ist
1506 2806 1600 2868 38,
1638 2816 1730 2858 173.
1788 2808 2030 2871 volitare,
2072 2805 2228 2857 ‘nicht
2261 2806 2505 2857 forthom-

178 2887 185 2895 ·
269 2890 359 2924 um
383 2889 441 2926 so
466 2876 609 2928 mehr
627 2879 1041 2943 anzuerkennen,
1049 2878 1106 2943 je
1124 2878 1337 2942 geneig·
1438 2891 1556 2926 men
1578 2873 1719 2929 von’.
1770 2877 1814 2925 Il
1848 2874 1942 2939 72,
1976 2885 2070 2929 292.
2120 2877 2174 2925 in
2196 2876 2332 2935 iure,
2369 2872 2399 2941 S
2424 2873 2509 2938 48,

271 2954 347 2993 ter
371 2944 454 2993 die
471 2944 662 2995 Mucier
686 2948 797 2997 sein
821 2946 1074 3006 mochten,
1095 2961 1182 2996 um
1200 2945 1337 2995 ihrer
1440 2948 1561 2994 ‘von
1616 2944 1717 2994 den
1766 2942 2203 3009 Verhandlungen
2253 2958 2343 2994 vor
2390 2945 2507 2994 dem

271 3010 644 3077 Jurisprudenz
661 3015 828 3064 willen
855 3015 1088 3080 einseitig
1111 3015 1194 3064 die
1212 3013 1332 3063 Elo-
1440 3012 1744 3079 Magistrat’.

272 3093 438 3142 quenz
465 3089 620 3133 etwas
648 3098 711 3132 zu
735 3084 917 3149 get-ing
942 3099 1007 3133 zu
1032 3082 1232 3134 achten.
1507 3082 1700 3132 iudicia
1716 3082 1943 3146 privata,
1968 3094 2046 3131 wo
2074 3095 2129 3130 es
2154 3079 2265 3130 sich
2288 3078 2397 3130 also
2422 3096 2512 3129 um

338 3165 487 3220 illum,
515 3155 755 3229 ἐκεῖνον,
784 3168 854 3217 im
880 3167 1167 3233 Gegengatz
1194 3184 1258 3218 zu
1282 3182 1340 3217 ge
1442 3149 1529 3199 die
1574 3148 1865 3215 speciellste
1911 3148 2158 3198 Kenntnis
2206 3149 2298 3198 des
2355 3148 2510 3229 posit.

274 3227 306 3297 S
329 3231 428 3282 221
458 3229 592 3297 (31⁸0
616 3235 672 3285 Ρ,
702 3234 966 3300 Scfivola),
1442 3216 1632 3268 Rechts
1656 3215 1910 3268 handelte.
1969 3216 2094 3280 Top.
2126 3215 2218 3276 17,
2243 3225 2295 3266 65
2317 3224 2514 3281 privata
2535 3253 2539 3258 .

379 3318 391 3330 .
434 3317 446 3330 .
561 3320 572 3333 .
785 3320 796 3332 .
1444 3286 1579 3335 enim
1612 3285 1800 3334 iudicia
1832 3284 2166 3334 maximarum
2201 3283 2407 3347 quidem
2431 3298 2527 3337 re-.

308 3314 443 3395 suh
465 3314 614 3398 aad.
632 3317 720 3368 hat
756 3319 865 3369 διώ
891 3334 1008 3369 v⁰m
1032 3321 1206 3381 Rand’
1231 3335 1338 3370 ‘³⁷⁰‘
1443 3369 1556 3403 rum
1575 3346 1624 3403 in
1644 3352 2116 3403 iurisconsultorum
2134 3350 2259 3400 mihi
2279 3350 2517 3400 videntur

270 3382 358 3433 hm
380 3398 434 3435 es
452 3399 553 3436 von
573 3402 737 3437 emem
748 3388 1215 3453 Glossatorgesetzt
1224 3403 1342 3447 war,

272 3467 361 3501 um
385 3452 484 3503 den
507 3455 855 3505 vermeintlich
880 3457 1086 3521 notigen
1103 3457 1251 3506 Dativ
1278 3472 1342 3506 zu
1446 3437 1562 3472 ‘³⁵⁸⁶
1584 3422 1871 3503 pmdepm‘
1980 3489 1993 3501 .
2155 3485 2228 3534 W
2381 3481 2392 3488 -
2415 3486 2428 3498 .

274 3518 497 3570 erhalten
510 3557 525 3582 ,
572 3525 746 3588 spater
781 3524 834 3573 in
869 3524 968 3573 den
1002 3525 1132 3574 Text
1172 3525 1343 3588 einge-
1515 3492 1578 3540 αθ
1601 3505 1750 3556 aeqm
1759 3495 1863 3539 ‘⁰²⁰
1886 3503 1949 3537 ⁰⁰
1972 3502 2099 3538 'ure'
2228 3499 2258 3535 ⁰
2282 3493 2512 3547 ”equuus

273 3586 551 3640 schlichen.
623 3591 691 3641 Es
726 3590 860 3642 steht
893 3591 1016 3641 aber
1048 3592 1341 3642 satisfacere
1444 3574 1498 3607 ¹¹·
1522 3560 1603 3606 ωε
1628 3571 1685 3606 ⁸⁰
1714 3557 1793 3606 bei
1819 3556 2059 3605 einander
2083 3553 2259 3604 “eheu
2277 3591 2291 3617 ’
2332 3554 2400 3603 ist
2424 3568 2510 3602 ae*

273 3656 326 3705 in
351 3656 461 3705 inre
484 3657 635 3718 civili,
666 3660 732 3710 ‘in
753 3660 843 3709 der
862 3660 893 3709 J
897 3660 1230 3726 urisprudenz
1244 3660 1343 3710 Be·

275 3722 617 3790 i‘riedigendes
654 3727 874 3787 leisten’,
908 3727 1211 3793 get-adeso,
1245 3728 1342 3777 wie

275 3792 341 3842 111
368 3790 453 3858 22,
480 3801 532 3843 83
555 3794 849 3845 satisfacere
871 3796 924 3845 in
950 3805 1096 3861 gestu
1115 3831 1129 3858 ,
1156 3796 1221 3845 de
1238 3796 1338 3860 leg.

276 3861 296 3909 1
321 3860 382 3919 2,
407 3870 433 3909 5
466 3861 760 3913 satisfacere
794 3863 843 3913 in
871 3862 1109 3925 historia,
1147 3862 1227 3913 Or.
1254 3861 1337 3926 31,

277 3935 351 3976 109
383 3925 655 3980 histriones
688 3958 756 3966 —
794 3931 883 3995 qui
934 3946 1037 3982 non
1078 3931 1246 3982 solum
1285 3931 1339 3981 in

276 3995 628 4048 dissimillimis
652 3999 887 4064 personis
911 3998 1310 4051 satisfaciebant.

1445 3626 1611 3687 quitas
1654 3625 1748 3674 das
1792 3624 1967 3673 innere
2009 3622 2277 3687 lebendige
2316 3621 2513 3671 Wesen

1444 3694 1536 3743 des
1561 3691 1781 3751 Rechts,
1818 3692 1911 3741 das
1947 3691 2017 3740 im
2049 3690 2132 3740 ius
2173 3691 2350 3740 seinen
2376 3691 2512 3739 Aus-

1444 3761 1605 3811 druck
1661 3759 1920 3825 gerunden
1978 3757 2092 3818 hat,
2143 3758 2235 3808 das
2282 3758 2515 3823 gesunde

1442 3827 1811 3893 Rechtsgeiiihl
1845 3826 1953 3877 und
1995 3827 2087 3877 der
2118 3823 2260 3875 Geist
2307 3826 2398 3875 des
2432 3827 2513 3875 ius

1444 3896 1610 3948 civile.
1658 3895 1798 3947 Brut.
1823 3893 1915 3954 38,
1944 3902 2019 3944 143
2042 3894 2097 3945 ff.

1516 3965 1640 4029 quid
1658 3979 1827 4022 sumn,
1862 3962 1970 4013 also
2006 3962 2089 4013 die
2126 3960 2514 4011 elementarsten

1445 4031 1863 4096 Rechtsbegriffe.
1925 4032 2168 4096 denique,
2195 4027 2516 4080 schliesslieh

344 4105 436 4150 171.
471 4097 836 4159 Verecundius,
856 4100 948 4149 mit
973 4100 1164 4165 einiger
1175 4098 1344 4150 Scheu
1448 4115 1539 4149 zur
1550 4098 1871 4163 Einffihrung
1888 4098 1979 4147 der
1996 4095 2518 4161 allerallgemeinsten

276 4164 398 4214 oder
433 4166 866 4233 Zuriickhaltuug.
923 4167 992 4217 ΙΙΙ
1029 4166 1117 4227 17,
1144 4176 1222 4227 623
1256 4167 1341 4226 41,
1446 4166 1810 4218 Untersehiede
1828 4165 2075 4216 zwischen
2100 4165 2178 4214 ius
2197 4164 2387 4215 civium
2409 4164 2519 4214 und

277 4241 368 4282 165.
1447 4236 1529 4285 ius
1554 4235 1781 4300 gentium
1808 4242 1906 4287 etc.

2024 4324 2061 4387 8
2077 4320 2111 4355 aa
