2930 4693
452 162 579 227 180
1026 156 1125 220 ΒΕ
1154 154 1512 219 onAToRE
1551 154 1604 216 11
1635 155 1740 218 59.
1785 160 2096 215 238-240.

452 326 770 407 diligenter
795 325 1111 388 videndum
1141 335 1253 396 est,-
1277 324 1340 386 id
1367 322 1526 405 quod
1547 325 1617 396 in
1646 331 1858 404 quarto
1887 323 2018 386 loco
2041 326 2367 405 quaerendi
2386 344 2684 406 posuera-

438 430 605 478 mus
693 411 839 472 Nam
872 428 984 471 nec
1024 412 1275 489 insignis
1311 408 1659 489 improbitas
1699 418 1760 470 et
1801 408 2028 471 scelere
2067 411 2267 472 iuncta
2311 428 2424 471 nec
2461 429 2687 473 rursus

450 497 689 558 miseria
716 496 970 573 insignis
999 497 1214 574 agitata
1243 493 1490 556 ridetur.
1549 494 1942 555 Facinorosos
1970 496 2130 556 enim
2160 496 2384 557 maiore
2413 496 2680 576 quadam

452 583 512 642 vi
556 598 731 661 quam
772 579 1007 640 ridiculi
1048 579 1346 641 vulnerari
1382 577 1612 647 volunt;
1664 580 1915 640 miseros
1953 578 2122 640 illudi
2161 579 2388 650 nolunt,
2441 582 2557 641 nisi
2586 587 2680 641 ‘se

454 664 609 727 forte
636 666 874 727 iactant.
947 664 1316 726 Parcendum
1345 670 1434 724 est
1461 669 1659 724 autem
1690 664 1943 724 maxime
1972 666 2201 725 caritati
2233 665 2560 736 hominum,
2591 683 2677 726 ne

287 746 373 821 59
389 757 493 811 238
517 758 741 812 temere
774 751 839 809 in
870 768 972 810 eos
1001 749 1190 819 dicas,
1242 750 1344 829 qui
1383 746 1725 841 diliguntur.
1812 748 1973 810 Haec
2006 750 2186 827 igitur
2216 748 2555 810 adhibenda
2581 756 2684 811 est

451 837 712 915 primum
741 834 805 893 in
832 834 1083 895 iocando
1114 833 1459 895 moderatio,
1543 832 1746 912 Itaque
1776 850 1845 893 ea
1871 831 2152 894 facillime
2181 832 2482 904 luduntur,
2514 853 2682 913 quae

454 937 647 1000 neque
676 918 812 978 odio
841 936 1058 997 magno
1089 936 1281 998 neque
1309 917 1713 979 misericordia
1742 918 1997 978 maxima
2026 917 2204 996 digna
2233 925 2389 980 sunt.
2449 918 2682 990 Quam-

453 1003 661 1065 obrem
692 1004 970 1065 materies
999 1004 1194 1065 omnis
1222 1002 1607 1063 ridiculorum
1639 1008 1728 1062 est
1770 1003 1834 1062 in
1862 1003 1991 1063 istis
2018 1004 2189 1073 vitiis,
2231 1021 2384 1082 quae
2425 1009 2566 1065 sunt
2605 1004 2680 1063 in

452 1090 569 1149 vita
598 1088 905 1148 hominum
937 1106 1128 1167 neque
1158 1105 1432 1148 carorum
1461 1104 1655 1167 neque
1687 1085 2161 1148 calamitosorum
2202 1104 2394 1168 neque
2437 1106 2676 1159 eorum,

403 1203 412 1215 ·
453 1174 555 1252 qui
585 1171 662 1234 ob
692 1171 921 1233 facinus
950 1171 1023 1233 ad
1065 1171 1416 1252 supplicium
1459 1171 1733 1250 rapiendi
1771 1171 2075 1242 videntnr;
2121 1190 2306 1251 eaque
2345 1170 2500 1233 belle
2542 1174 2678 1250 agi·

319 1277 423 1330 239
454 1263 572 1318 tata
611 1257 900 1317 ridentur.
987 1257 1092 1318 Est
1145 1259 1319 1317 etiam
1367 1256 1754 1317 deformitatis
1794 1261 1854 1316 et
1893 1257 2159 1336 corporis
2213 1258 2678 1317 vitiorum.satis

450 1340 607 1401 bella
637 1341 913 1402 materies
943 1341 1017 1402 ad
1046 1342 1392 1409 iocandum;
1435 1341 1540 1401 sed
1571 1341 1910 1420 quaerimus
1937 1340 2116 1410 idem,
2158 1340 2319 1420 quod
2357 1342 2422 1401 in
2452 1343 2676 1402 ceteris

453 1425 633 1486 rebus
660 1427 916 1487 maxime
946 1426 1349 1505 quaerendum
1382 1432 1489 1495 est,
1521 1431 1828 1505 quatenus
1916 1425 1984 1486 In
2013 1445 2131 1505 quo
2161 1443 2282 1486 non
2312 1425 2490 1487 modo
2518 1425 2672 1487 illud

450 1512 833 1590 praecipitur,
877 1528 954 1571 ne
983 1512 1122 1591 quid
1150 1509 1391 1581 insulse,
1423 1510 1528 1571 sed
1558 1512 1751 1580 etiam,
1796 1511 1848 1570 si
1887 1510 2026 1589 quid
2057 1510 2416 1589 perridicule
2456 1513 2670 1589 possis,

453 1596 750 1657 vitandum
782 1601 872 1656 est
899 1597 1121 1656 oratori
1148 1605 1485 1674 utrumque,
1518 1613 1593 1656 ne
1621 1602 1722 1655 aut
1748 1594 2015 1655 scurrilis
2042 1596 2208 1657 iocus
2237 1597 2314 1657 sit
2341 1601 2442 1656 aut
2470 1596 2671 1656 mimi-

451 1698 575 1741 cuS.
664 1680 827 1751 Quae
858 1681 1187 1741 cuiusmodi
1215 1682 1333 1740 sint
1360 1678 1589 1741 facilius
1617 1680 1733 1740 iam
1772 1678 2201 1758 intellegemus
2247 1697 2383 1741 cum
2424 1679 2501 1740 ad
2538 1682 2672 1760 ipsa

449 1764 834 1825 ridiculorum
867 1782 1082 1843 genera
1116 1767 1465 1825 venerimus.

618 1849 745 1908 Duo
776 1855 912 1908 sunt
943 1851 1100 1910 enim
1132 1867 1350 1927 genera
1378 1849 1742 1919 facetiarum,
1785 1866 2037 1928 quorum
2068 1847 2320 1909 alterum
2349 1865 2418 1909 re
2446 1855 2668 1909 tracta-

317 1952 422 2002 240
453 1939 578 2003 tur,
624 1931 872 1993 alterum
917 1933 1092 1994 dicto.
1181 1934 1296 2003 Re,
1344 1935 1395 1994 si
1433 1933 1669 2013 quando
1699 1932 1841 2013 quid
1882 1941 2177 2013 tamquam
2217 1932 2411 2013 aliqua
2450 1932 2671 1995 fabella

450 2022 742 2087 narratur,
775 2023 840 2076 ut
870 2016 1009 2078 olim
1040 2024 1122 2088 tu,
1155 2018 1380 2087 Crasse,
1410 2018 1474 2078 in
1502 2018 1860 2088 Memmium,
1892 2019 1912 2049 ‘
1930 2017 2256 2080 comedisse
2298 2036 2436 2078 eum
2474 2016 2669 2079 lacer-

448 2107 570 2161 tum
617 2101 849 2180 Largi‚'
900 2120 1036 2162 cum
1076 2108 1232 2163 esset
1284 2120 1417 2162 cum
1474 2121 1546 2162 eo
1587 2102 1943 2164 Tarracinae
1993 2103 2071 2163 de
2119 2101 2371 2163 amicula
2418 2103 2670 2163 rixatus,

447 2184 628 2254 Salsa,
672 2204 740 2246 ac
783 2193 982 2246 tamen
1012 2204 1045 2246 a
1077 2193 1135 2247 te
1162 2188 1292 2266 ipso
1322 2187 1457 2247 ficta
1487 2194 1607 2247 tota
1638 2188 1919 2248 narratio.
2005 2186 2298 2247 Addidisti
2341 2185 2670 2248 clausulam

444 2278 566 2330 tota
597 2271 917 2331 Tarracina
946 2278 1072 2332 tum
1104 2271 1379 2332 omnibus
1407 2273 1470 2331 in
1498 2270 1823 2352 parietibus
1859 2273 2176 2351 inscriptas
2214 2271 2396 2331 fuisse
2438 2270 2670 2333 litteras

442 2355 723 2416 LLLMM.
799 2357 945 2418 Cum
978 2375 1296 2436 quaereres
1323 2357 1384 2417 id
1414 2357 1557 2437 quid
1587 2364 1758 2428 esset,
1800 2374 2004 2418 senem
2033 2356 2143 2417 tibi
2170 2356 2467 2437 quendam
2496 2359 2671 2437 oppi-

440 2540 568 2590 chen
581 2541 878 2591 Witzworte
900 2541 1191 2607 angesehen
1210 2541 1392 2605 haben,
1420 2543 1503 2592 die

442 2620 590 2659 unter
608 2610 799 2660 seinem
813 2611 1003 2660 Namen
1021 2611 1259 2675 giengen.
1283 2612 1348 2661 ad
1361 2611 1498 2660 Fam.

441 2677 536 2727 V11
571 2677 663 2739 32,
703 2688 722 2727 1
759 2678 794 2727 f.
853 2678 1099 2741 Equidem
1132 2680 1401 2745 sperabam
1432 2680 1503 2728 ita

442 2753 616 2794 notata
639 2761 718 2794 me
742 2745 1007 2809 reliquisse
1039 2761 1226 2809 genera
1249 2747 1500 2797 dictorum

441 2826 688 2873 meorum,
717 2824 772 2862 ut.
795 2815 1034 2878 cognosci
1059 2829 1154 2863 sua
1172 2825 1356 2877 sponte
1377 2828 1497 2879 pos-

441 2888 582 2937 sent3
621 2881 713 2929 sed
739 2882 977 2942 quoniam
1013 2888 1150 2929 tanta
1184 2882 1300 2930 faex
1335 2892 1412 2931 est
1445 2882 1499 2930 in

440 2947 583 3007 urbe,
605 2955 659 2995 ut
679 2947 799 2995 nihil
822 2957 921 2995 tam
939 2949 1006 2996 sit
1023 2938 1342 3013 ἆκύθηρον,
1363 2949 1502 3011 quod

445 3028 546 3062 non
590 3015 740 3063 alicui
777 3022 1042 3063 venustum
1094 3031 1207 3064 esse
1252 3017 1501 3078 videatur,

440 3096 639 3146 pugna,
666 3083 712 3131 si
737 3097 818 3131 me
841 3096 1000 3142 amas,
1029 3083 1122 3131 nisi
1148 3094 1295 3132 acuta
1320 3073 1501 3149 ἄμφι-

442 3146 636 3214 βολία,
672 3150 772 3199 uisi
807 3149 1017 3214 elegans
1054 3139 1366 3216 ὑπερβολή,
1405 3152 1502 3201 nisi

439 3209 831 3284 παράγραμμα
855 3218 1069 3279 bellum,
1111 3219 1208 3268 nisi
1232 3219 1502 3269 ridiculum

439 3278 597 3349 παρὰ
620 3284 1000 3351 προςὸοκίαν,
1029 3286 1129 3337 nisi
1153 3293 1344 3346 cetera,
1370 3304 1502 3353 quae

437 3361 559 3405 sunt
578 3371 612 3404 a
633 3369 709 3404 me
730 3356 786 3404 in
805 3356 1027 3406 secundo
1052 3357 1117 3405 de
1140 3362 1349 3406 oratore
1370 3356 1503 3407 libro

442 3424 704 3487 disputata
748 3424 812 3473 de
855 3424 1110 3483 ridiculis,
1169 3416 1406 3488 ἔντεχνα
1453 3429 1503 3472 et

440 3500 617 3554 arguta
629 3491 962 3555 apparebunt,
974 3500 1031 3541 ut
1047 3500 1364 3540 sacramento
1384 3505 1504 3540 con·

440 3557 623 3606 tendas
645 3572 760 3607 mea
786 3572 888 3608 non
913 3573 1043 3608 esse.

507 3627 619 3675 loco
667 3627 972 3690 quaerendi,
1042 3624 1503 3689 gleiebbedeutend

439 3692 533 3742 mit
556 3692 668 3742 loco
694 3693 1006 3755 quaestionis
1032 3694 1103 3744 111
1125 3691 1210 3752 29,
1237 3701 1330 3746 111.

505 3769 598 3811 238.
627 3760 772 3819 belle,
798 3761 829 3821 S
842 3759 943 3811 253
966 3762 1060 3810 wie
1070 3761 1208 3810 Brut.
1228 3759 1312 3819 28,
1332 3769 1406 3811 109
1430 3761 1500 3811 Μ.

438 3827 645 3878 Pennus
670 3828 831 3877 facete
855 3829 1069 3893 agitavit
1095 3830 1147 3878 in
1165 3829 1422 3878 tribunatu
1444 3828 1499 3880 C.

440 3893 740 3946 Gracchum.

496 3966 707 4028 agitata,
725 3979 870 4013 wenn
890 3964 968 4013 sie
985 3964 1100 4014 dem
1113 3963 1291 4029 Spotte
1306 3964 1497 4029 preiss-

437 4032 690 4093 gegeben,
713 4031 992 4096 gegeisselt
1013 4031 1153 4088 wird‚
1179 4027 1212 4096 S
1234 4031 1353 4081 229.
1377 4031 1497 4082 251.

508 4095 602 4154 59,
635 4106 728 4158 239.
788 4105 1050 4163 quatenus.
1099 4098 1182 4149 Or.
1216 4099 1312 4160 22,
1346 4107 1398 4149 73
1442 4099 1498 4148 in

441 4164 781 4226 omnibusque
796 4166 949 4214 rebus
965 4166 1245 4214 videndum
1270 4176 1349 4215 est
1371 4180 1498 4228 qua·

1602 2550 1769 2592 tenus.
1819 2540 1977 2591 Acad.
2003 2540 2167 2601 1129,
2201 2551 2253 2592 92
2283 2556 2452 2591 rerum
2486 2552 2670 2592 natura

1605 2609 1793 2659 nullam
1814 2610 1959 2660 nobis
1978 2609 2118 2658 dedit
2134 2613 2462 2675 cognitionem
2473 2612 2668 2674 finitum,

1603 2685 1660 2726 ut
1683 2677 1786 2727 ulla
1818 2679 1867 2727 in
1906 2692 1959 2725 re
1990 2685 2212 2727 statuere
2245 2678 2505 2744 possimus
2536 2693 2664 2741 qua-

1602 2755 1770 2795 tenuS.
1805 2746 2037 2796 scurrilis
2059 2746 2306 2809 mimicm,
2331 2747 2364 2808 5
2387 2743 2506 2795 237.
2542 2745 2666 2798 242.

1667 2889 1765 2930 240.
1796 2880 2008 2944 fabella.
2057 2880 2131 2930 Zu
2165 2880 2255 2929 der
2289 2889 2457 2930 ersten
2481 2880 2668 2930 Klasse

1603 2947 1782 3013 gehort
1818 2949 1901 2997 die
1925 2949 2013 2996 An
2029 2947 2280 2998 ekdote.
2329 2949 2396 2998 ad
2419 2948 2537 2997 Her.
2565 2950 2589 2998 1
2611 2946 2665 3008 6,

1605 3024 1655 3064 10
1683 3016 1728 3064 si
1752 3015 1941 3065 defessi
1964 3024 2110 3065 erunt
2131 3016 2386 3066 audiendo
2411 3014 2666 3082 (utemur)

1603 3083 1772 3146 aliqua
1795 3097 1875 3143 re,
1911 3097 2041 3144 quae
2071 3083 2233 3132 risum
2255 3097 2459 3133 movere
2481 3083 2666 3149 possit,

1602 3151 1837 3215 apologo,
1863 3150 2035 3201 fabula
2058 3151 2338 3211 verisimili,
2361 3151 2665 3214 imitatione,

1603 3219 1984 3284 depravatione,
2017 3219 2331 3278 inversione,
2356 3218 2664 3282 abiectione,

1603 3287 1916 3352 suspitione,
1939 3286 2194 3346 irrisione,
2222 3287 2450 3347 stultitia,
2476 3301 2667 3351 super-

1602 3354 1815 3416 latione,
1843 3353 2201 3417 similitudine,
2226 3355 2474 3414 novitate,
2499 3352 2666 3404 histo-

1600 3423 1693 3483 ria,
1717 3436 1887 3483 versu,
1912 3421 2126 3472 alicuius
2149 3422 2554 3488 interpellatione
2578 3426 2668 3472 aut

1603 3490 1882 3540 adrisione.

1672 3560 1889 3620 litteras,
1915 3557 2013 3607 wol
2037 3557 2115 3607 als
2140 3555 2476 3607 Zahlzeichen
2503 3572 2564 3606 zu
2592 3557 2662 3605 ir-

1601 3626 1738 3690 gend
1781 3627 1946 3676 einem
1985 3625 2188 3674 lokaleu
2220 3625 2428 3684 Zweck,
2475 3622 2665 3674 behufs

1604 3694 1744 3743 einer
1775 3691 2054 3743 Verkaufs·
2102 3693 2225 3742 oder
2270 3692 2528 3757 sonstigen
2563 3690 2666 3740 Be-

1600 3759 2030 3824 kanntmachung.
2114 3760 2215 3810 Der
2258 3760 2402 3810 Witz
2449 3758 2666 3809 bestand

1602 3828 1713 3879 also
1739 3826 2122 3894 hauptsfichlich
2158 3828 2331 3891 darin,
2367 3827 2488 3877 dass
2513 3825 2667 3877 Gras-
2702 3826 2718 3843 ⁹

1602 3911 1692 3947 sus
1716 3896 1799 3946 die
1820 3897 1870 3946 in
1897 3896 2164 3946 Terracina
2197 3893 2666 3961 angeschriebenen

1601 3978 1815 4028 grossen
1849 3963 2313 4028 Zahlbuchstaben,
2363 3963 2447 4013 die
2479 3962 2662 4012 Jeder-

1601 4046 1755 4080 mann
1786 4032 1838 4081 in
1877 4032 1959 4081 die
1995 4033 2175 4096 Augen
2211 4031 2388 4093 flelen,
2436 4030 2528 4080 mit
2561 4028 2666 4078 Be—

1601 4097 1822 4164 ziehung
1852 4098 1946 4148 anf
1971 4100 2115 4149 seine
2137 4098 2407 4148 Anekdote
2437 4111 2496 4148 so
2517 4096 2669 4147 sinn-

1597 4164 1737 4214 reich
1756 4166 1958 4217 deutete
1975 4167 2082 4217 und
2107 4168 2158 4215 in
2179 4166 2328 4215 einen
2339 4163 2666 4229 jambischen
