2930 4693
447 242 526 305 34
1083 238 1176 299 DE
1209 236 1564 299 ORATORE
1594 237 1617 298 Ι
1666 237 1763 298 19.
1796 242 2036 296 83—85.

447 427 580 469 cum
631 426 742 488 pro
777 407 1025 470 consule
1054 409 1119 470 in
1148 406 1408 471 Ciliciam
1439 408 1821 488 proficiscens
1852 409 2138 470 venissem
2168 408 2452 479 AthenaS,
2506 427 2671 470 com-

445 494 647 573 plures
676 500 800 554 tum
830 493 912 554 ibi
953 493 1080 556 dies
1119 512 1249 554 sum
1290 499 1537 574 propter
1565 492 1876 571 navigandi
1906 491 2305 554 difficultatem
2339 511 2670 556 commora-

447 586 572 647 tus;
605 577 707 639 sed
726 627 741 649 ,
795 596 929 640 cum
961 579 1176 640 cotidie
1204 596 1438 643 mecum
1468 577 1750 639 haberem
1794 577 2063 639 homines
2116 577 2485 640 doctissimos
2507 627 2523 650 ,
2566 598 2673 641 eos

445 664 571 724 fere
620 665 813 742 ipsoS,
869 665 969 743 qui
1021 663 1125 724 abs
1175 670 1235 724 te
1286 664 1463 725 modo
1503 671 1641 725 sunt
1671 664 1956 724 nominati
1980 711 1996 735 ,
2042 682 2295 743 cumque
2324 663 2438 725 hoc
2466 666 2671 726 nescio

446 747 742 830 quomodo
773 748 927 828 apud
959 767 1061 809 eos
1088 746 1515 810 increbruisset
1536 796 1551 820 ,
1606 767 1703 809 me
1743 750 1805 808 in
1837 750 2026 809 causis
2055 748 2379 809 maioribus
2407 750 2581 811 sicuti
2608 756 2672 811 te

442 834 635 895 solere
664 835 913 904 versari,
955 851 1065 913 pro
1096 852 1160 895 se
1189 834 1436 914 quisque
1467 851 1616 914 quae
1646 840 1877 914 poterat
1919 832 1991 894 de
2021 833 2216 895 officio
2247 840 2308 894 et
2336 834 2410 894 de
2438 837 2674 896 ratione

445 920 699 981 oratoris
728 918 1080 999 disputabat.
1140 919 1366 980 Horum
1398 917 1522 991 alii,
1577 920 1751 980 sicuti
1778 921 1889 980 iste
1917 920 2046 998 ipse
2074 919 2484 992 Mnesarchus,
2537 921 2668 991 bos,

448 1024 595 1084 quos
627 1023 735 1064 nos
765 1011 1032 1066 oratores
1060 1022 1405 1067 vocaremus
1423 1052 1437 1075 ,
1472 1003 1618 1065 nibil
1648 1020 1778 1065 esse
1809 1003 2042 1065 dicebat
2070 1004 2183 1065 nisi
2211 1005 2495 1084 quosdam
2526 1024 2670 1086 ope-

331 926 399 980 83

446 1091 634 1151 rat-ios
665 1088 862 1168 lingua
894 1088 1076 1150 celeri
1108 1096 1167 1150 et
1196 1091 1542 1160 exercitata3
1585 1097 1884 1152 oratorem
1914 1096 2126 1159 autem,
2160 1090 2274 1150 nisi
2301 1092 2404 1171 qui
2431 1092 2671 1170 sapiens
2754 1110 2761 1119 ·

447 1182 628 1244 esset,
684 1193 813 1236 esse
843 1176 1174 1245 neminem;
1218 1182 1391 1254 atque
1423 1176 1612 1255 ipsam
1643 1173 2068 1255 eloquentiam,
2102 1175 2257 1255 quod
2291 1192 2362 1236 ex
2392 1175 2547 1236 bene
2579 1176 2670 1237 di-

446 1260 621 1320 cendi
643 1261 885 1321 scientia
910 1266 1224 1331 constaret,
1257 1278 1435 1321 unam
1458 1259 1752 1341 quandam
1783 1277 1912 1321 esse
1940 1260 2216 1320 virtutem
2249 1268 2322 1330 et,
2355 1262 2458 1340 qui
2485 1279 2669 1323 unam

449 1346 723 1406 virtutem
753 1345 1030 1416 haberet,
1076 1363 1283 1406 omnes
1323 1345 1546 1407 habere
1589 1363 1804 1426 easque
1847 1362 1977 1406 esse
2013 1346 2171 1405 inter
2213 1363 2275 1406 se
2306 1345 2580 1425 aequales
2610 1354 2673 1407 et

383 1474 386 1479 -
446 1448 646 1511 pares;
699 1431 779 1491 ita
802 1479 818 1501 ,
871 1432 972 1511 qui
1003 1437 1159 1492 esset
1189 1430 1472 1511 eloquens
1496 1479 1512 1501 ‚
1563 1448 1696 1492 eum
1732 1431 1974 1492 virtutes
2003 1448 2213 1492 omnes
2241 1427 2462 1492 babere
2492 1438 2671 1512 atque

446 1535 575 1577 esse
625 1517 990 1596 sapientem.
1051 1515 1169 1578 Sed
1219 1516 1366 1577 haec
1415 1522 1544 1577 erat
1593 1517 1829 1595 spinosa
1873 1515 2158 1596 quaedam
2191 1523 2251 1577 et
2280 1514 2448 1577 exilis
2475 1518 2670 1578 oratio

444 1600 735 1682 longeque
788 1619 820 1662 a
872 1603 1089 1662 nostris
1138 1601 1407 1662 sensibus
1437 1599 1815 1663 abhorrebat.
1897 1601 2256 1662 Charmadas
2297 1619 2436 1663 vero
2480 1601 2669 1664 multo

442 1686 685 1748 uberius
731 1686 952 1747 eisdem
983 1687 1057 1747 de
1087 1686 1268 1749 rebus
1297 1685 1675 1767 loquebatur,
1730 1704 1851 1747 non
1879 1705 1995 1767 quo
2027 1687 2287 1765 aperiret
2313 1688 2668 1748 sententiam

441 1774 608 1832 suam
642 1772 757 1849 (hic
788 1773 944 1832 enim
978 1791 1107 1833 mos
1137 1777 1263 1832 erat
1303 1774 1530 1852 patrius
1557 1772 1905 1833 Academiae
1947 1771 2245 1833 adversari
2273 1790 2512 1851 semper
2540 1791 2670 1833 om·
2710 1779 2721 1788 ’

443 1856 617 1918 nibus
638 1859 701 1917 in
732 1856 1136 1936 disputando);
1169 1857 1271 1918 sed
1304 1876 1437 1918 cum
1470 1859 1724 1919 maxime
1757 1864 1953 1917 tamen
1982 1857 2097 1917 hoc
2125 1856 2511 1936 significabat,
2545 1876 2667 1927 eos,

442 1944 544 2022 qui
571 1943 841 2003 rhetores
872 1943 1319 2002 nominarentur
1341 1949 1400 2003 et
1428 1944 1529 2023 qui
1557 1942 1793 2003 dicendi
1820 1948 2133 2022 praecepta
2165 1941 2486 2014 traderent,
2518 1941 2669 2003 nihil

442 2026 618 2107 plane
671 2033 877 2087 tenere
931 2045 1124 2107 neque
1152 2044 1327 2107 posse
1356 2045 1709 2109 quemquam
1750 2026 2095 2088 facultatem
2138 2027 2380 2107 adsequi
2410 2027 2666 2099 dicendi,

279 2110 440 2183 1985
458 2114 571 2173 nisi
600 2113 702 2190 qui
739 2111 1226 2193 philosophorum
1257 2114 1495 2174 inventa
1527 2113 1844 2174 didicisset.
1924 2112 2313 2193 Disputabant
2341 2119 2547 2174 contra
2577 2113 2669 2174 di·

332 1598 399 1650 84

430 2283 649 2351 tiyissem
683 2282 894 2333 ‘befasst
917 2282 1069 2333 hatte·
1097 2281 1128 2346 S
1152 2282 1235 2334 79.
1287 2281 1496 2334 Schultz

489 2427 715 2486 propter
747 2422 1023 2488 navigandi
1051 2421 1399 2485 difficultatem
1431 2449 1497 2458 —

426 2489 534 2541 also
561 2488 830 2554 eigentlich
853 2505 947 2539 nur
969 2504 1062 2539 aus
1083 2490 1224 2538 einer
1241 2488 1360 2540 sehr
1379 2493 1497 2541 iius-

426 2556 677 2609 serlichen
710 2557 1120 2623 Veranlassung;
1164 2557 1346 2608 daher:
1384 2558 1495 2609 sed.

426 2627 574 2678 modo
600 2624 632 2687 S
654 2624 741 2677 45.

494 2696 560 2745 de
593 2696 765 2759 officio
799 2701 852 2745 et
886 2696 949 2746 de
972 2696 1198 2754 ratione,
1237 2696 1359 2745 iiber
1393 2695 1492 2745 den

428 2761 589 2813 Beruf
607 2778 660 2812 u.
688 2763 781 2813 das
802 2762 1106 2813 Verfahren.
1140 2763 1234 2813 Die
1257 2764 1407 2829 Prfip.
1429 2764 1495 2813 de

426 2830 553 2880 wird
576 2845 752 2893 wegen
791 2830 882 2879 der
904 2829 1362 2881 Verschiedenheit
1385 2832 1493 2881 bei-

429 2900 520 2949 der
543 2897 763 2962 Begriffe
786 2896 1108 2958 wiederholt,
1137 2897 1381 2949 wahrend
1414 2899 1498 2949 bei

427 2966 790 3031 gleichartigen
827 2964 1080 3030 Begriffen
1114 2966 1197 3015 die
1231 2967 1380 3033 Prfip.
1406 2982 1501 3017 vor

430 3034 547 3084 dem
574 3034 784 3084 zweiteu
813 3034 960 3083 Wort
984 3034 1036 3082 in
1062 3034 1153 3083 der
1176 3035 1331 3100 Rege}
1360 3050 1496 3101 weg·

429 3102 602 3153 bleibt.
653 3099 795 3168 397.

495 3179 567 3220 83.
602 3177 883 3229 oratorem,
929 3168 1004 3219 als
1041 3168 1376 3233 Consequens
1403 3172 1495 3223 des

430 3237 684 3289 stoischen
701 3238 905 3289 Satzes:
922 3238 1042 3288 dass
1054 3238 1145 3289 der
1154 3239 1330 3289 Weise
1340 3240 1491 3289 iiber-

427 3307 589 3371 haupt
622 3306 772 3357 allein
809 3316 963 3357 etwas
996 3307 1147 3357 wisse
1182 3309 1289 3358 und
1323 3308 1495 3360 konne

427 3374 525 3442 (ΙΙΙ
556 3374 642 3436 18,
667 3375 756 3437 65).

495 3460 646 3494 unam
666 3445 919 3510 quandam
935 3445 1242 3494 virtutem—
1257 3443 1389 3495 denu
1410 3446 1495 3494 die

431 3503 605 3592 c'tosfvff
631 3513 697 3591 ist
723 3512 837 3561 eine
863 3502 1155 3593 ,ἐπιρτήμη
1181 3500 1250 3563 οὗ
1275 3511 1497 3579 θεωρη-

430 3596 558 3646 uun
618 3595 797 3645 μονον
844 3580 987 3631 αλλα
1033 3577 1133 3632 καὶ
1188 3579 1495 3647 πρακτική.

431 3647 615 3714 Spiiter
660 3644 758 3713 (111
811 3646 899 3707 14,
948 3646 1056 3713 55),
1106 3647 1354 3698 nachdem
1402 3649 1497 3700 das

430 3715 597 3766 wahre
632 3715 844 3765 Wissen
885 3717 975 3765 der
998 3716 1381 3767 Beredsamkeit
1415 3734 1494 3767 er-

430 3783 717 3850 schopl'end
740 3783 1003 3849 dargelegt
1026 3785 1092 3834 ist
1106 3821 1120 3845 ,
1147 3786 1341 3836 stimmt
1363 3785 1496 3836 auch

431 3852 646 3903 Crassus
669 3851 833 3902 hie-rin
858 3852 968 3914 bei;
994 3854 1114 3904 aber
1137 3853 1232 3902 wie
1249 3868 1381 3918 ganz
1406 3868 1496 3904 an-

430 3920 547 3971 ders
588 3922 767 3970 nimmt
807 3920 914 3971 sich
957 3921 1095 3971 diess
1134 3922 1246 3971 dort
1290 3922 1344 3971 in
1378 3922 1495 3972 dem

426 3986 616 4036 Munde
640 3989 731 4039 des
755 4003 972 4053 grossen
996 3989 1253 4048 Reducem,
1279 3989 1355 4041 als
1380 3988 1492 4041 hier

430 4055 480 4102 in
522 4054 640 4104 dem
683 4056 775 4105 des
808 4057 1092 4107 abstracten
1136 4057 1491 4108 Theoretikers

432 4135 544 4170 aus.

431 4190 1493 4321 a.qtzssssss?2?;3{.{⁴“3222'.332¹3302⁰.22

1599 2273 1867 2351 ἀλλήλαις
1890 2279 1990 2335 καὶ
2015 2274 2116 2336 τὸν
2137 2282 2282 2350 μίαν
2318 2276 2522 2351 ἔχοντα
2556 2275 2669 2336 πά-

1599 2367 1703 2413 σας
1751 2346 1929 2434 ἔχειν,
1992 2343 2147 2431 εἶνας.
2191 2342 2299 2419 γὰρ
2358 2342 2550 2405 αὐτῶν
2594 2345 2670 2405 τὰ

1600 2422 1949 2487 θεωρηματα
1972 2437 2158 2474 newa.

1600 2488 2082 2610 ..ἔὲῧαέῗὲῑιὲἓὲἲ
2095 2489 2663 2624 Ῡὲἶὸῗνῖἒῗὲῗὲἱὲοῖ

1599 2622 1822 2695 πήματα
1846 2623 1946 2678 καὶ
1971 2618 2044 2677 τὰ
2066 2616 2504 2692 κατορθώματα.

1663 2696 1900 2761 spinosa,
1936 2709 2024 2743 um
2058 2694 2147 2743 der
2179 2694 2462 2758 disserendi
2484 2694 2669 2759 spinae

1599 2762 1692 2826 (de
1715 2763 1801 2813 fin.
1827 2763 1897 2812 1v
1922 2760 2010 2820 28,
2037 2760 2139 2826 79),
2178 2762 2268 2812 der
2301 2761 2665 2813 dialektischen

1600 2830 2074 2898 Spitzfindigkeiten
2098 2829 2285 2894 willen,
2299 2831 2354 2880 iu
2368 2830 2532 2879 denen
2546 2846 2667 2881 man

1601 2901 1696 2949 wie
1703 2907 1853 3018 {gaer
1864 2898 2067 2949 Dornen
2090 2897 2283 2949 iiberall
2295 2898 2498 2963 bingen
2510 2899 2668 2950 bleibt

1602 2967 1628 3033 (
1672 3036 1827 3087 exilis
1850 3049 2025 3099 wegen
2052 3034 2143 3084 der
2166 3035 2459 3093 trockenem
2486 3033 2562 3085 oft
2584 3036 2672 3086 in-·

1598 3102 1901 3154 haltsleeren
1938 3119 1993 3154 u.
2019 3103 2137 3153 dem
2159 3104 2331 3153 Leben
2356 3102 2665 3154 entiremde-

1597 3183 1682 3222 teu
1696 3171 2016 3221 Abstraction
2039 3169 2174 3221 ihrer
2191 3170 2597 3238 Disputationen‚
2619 3175 2667 3224 11

1597 3238 1690 3300 38,
1720 3248 1810 3290 159.
1860 3239 1930 3289 111
1960 3236 2047 3300 18,
2086 3247 2153 3289 66.
2210 3239 2342 3292 Dass
2378 3239 2546 3291 dieses
2570 3243 2663 3291 ab-

1598 3305 2113 3359 stract-dialektische
2125 3308 2506 3357 Rfisonnemeut
2518 3310 2665 3360 einen

1596 3386 1755 3442 praet.
1769 3374 2114 3438 Staatsmann‚
2126 3376 2221 3426 wie
2232 3376 2504 3442 Antonius,
2525 3377 2666 3428 nieht

1597 3443 1850 3508 ansprach
1867 3480 1881 3501 ,
1906 3458 2009 3494 war
2031 3442 2148 3494 sehr
2172 3444 2436 3495 natiirlicb.

1668 3520 1739 3563 84.
1775 3514 2007 3576 aperiret
2017 3548 2030 3569 ,
2058 3514 2129 3562 111
2158 3510 2244 3575 18,
2274 3521 2323 3563 67
2347 3528 2394 3563 a.
2421 3513 2479 3565 E.

1666 3596 1772 3632 mos
1791 3585 1909 3631 erat
1914 3582 2135 3645 patr-ius,
2151 3580 2533 3632 ‘traditionelles
2544 3582 2666 3633 Her·
2728 3605 2733 3612 ·

1600 3650 1883 3712 kommen’,
1917 3646 2194 3713 gleichsam
2227 3663 2347 3699 vom
2380 3650 2537 3700 Vater
2576 3651 2670 3702 auf

1602 3718 1699 3769 den
1727 3715 1896 3777 Sohn,
1932 3717 1982 3766 d.
2009 3715 2065 3767 h:
2099 3731 2218 3772 vom
2244 3717 2447 3768 Meister
2469 3719 2560 3770 auf
2581 3720 2665 3770 die

1599 3786 1793 3850 Jiinger
1816 3784 2111 3850 fortgeerbt.

1667 3855 1960 3913 adversari,
1988 3869 2031 3905 s.
2055 3853 2161 3904 ind.
2189 3868 2232 3903 s.
2258 3869 2308 3903 v.
2334 3855 2478 3905 acad.

1664 3919 2012 3987 significabat,
2048 3921 2126 3972 als
2160 3921 2463 3972 sententiam
2496 3938 2663 3974 suam.

1595 3996 1792 4051 tenere,
1820 3989 1908 4050 15,
1932 3998 2006 4048 18;
2032 3989 2114 4050 15,
2134 3998 2213 4049 653
2238 3990 2320 4053 20,
2348 4000 2425 4050 923
2454 3990 2539 4051 40,
2561 4001 2663 4052 1863

1594 4055 1677 4118 43,
1704 4066 1796 4107 191.
1834 4058 1879 4107 ΙΙ
1904 4056 1989 4121 50,
2011 4066 2105 4110 204.
2140 4056 2318 4117 11150,
2346 4068 2412 4111 96.

1661 4126 1880 4187 inventa,
1909 4126 2061 4177 Tusc.
2082 4123 2195 4184 113,
2216 4135 2241 4176 9
2269 4128 2439 4191 itaque
2461 4127 2584 4178 mibi
2600 4154 2664 4164 —-

1595 4192 1907 4244 consuetudo
1934 4195 1999 4244 de
2022 4195 2258 4247 omnibus
2283 4197 2434 4246 rebus
2457 4196 2510 4245 in
2536 4211 2660 4248 con·

1594 4261 1772 4311 trarias
1818 4270 1989 4327 partes
2037 4263 2320 4314 disserendi
2356 4291 2421 4301 —
2450 4263 2661 4330 placuit,
