2930 4693
459 233 541 298 78
1052 228 1149 290 DE
1180 225 1535 289 ORATORE
1564 227 1591 289 Ι
1634 225 1736 289 52.
1766 232 2075 287 221-223.

457 401 692 481 partim,
723 400 823 480 qui
860 395 1289 461 tolerabiliores
1318 396 1521 459 volunt
1549 415 1679 459 esse
1708 404 1769 459 et
1797 397 1870 459 ad
1899 397 2205 459 veritatem
2241 398 2389 459 vitae
2432 399 2676 478 propius

460 485 768 555 accedere,
811 483 1251 564 permediocres
1292 500 1360 544 ac
1402 485 1597 563 potius
1626 483 1782 544 leves
1811 490 2005 544 motus
2034 481 2254 544 debere
2285 501 2414 544 esse
2445 481 2669 545 dicunt.

331 577 430 630 221
465 569 678 631 Orator
708 577 902 632 autem
934 570 1130 630 omnia
1157 569 1322 638 haec,
1355 587 1505 648 quae
1535 574 1815 649 putantur
1844 569 1906 629 in
1936 570 2234 629 communi
2255 570 2406 630 vitae
2425 586 2672 631 consue-

455 655 661 717 tudine
712 654 863 716 mala
906 673 975 716 ac
1016 651 1260 715 molesta
1305 660 1364 714 et
1393 653 1698 732 fugienda,
1751 651 1935 714 multo
1986 654 2208 715 maiora
2260 661 2318 714 et
2368 653 2674 715 acerbiora

457 739 652 802 verbis
707 740 876 809 facit;
930 741 1189 819 itemque
1242 756 1340 809 ea,
1394 756 1544 819 quae
1589 738 1761 817 vulgo
1806 737 2133 818 expetenda
2175 745 2349 818 atque
2394 737 2677 818 optabilia

453 825 753 895 videntur,
808 824 1059 885 dicendo
1089 821 1408 903 amplificat
1435 830 1611 904 atque
1640 831 1849 894 ornat,
1907 840 2098 904 neque
2145 821 2268 884 vult
2315 825 2394 884 ita
2439 825 2675 903 sapiens

451 911 608 972 inter
638 909 848 972 stultos
877 909 1080 979 videri,
1108 915 1170 968 ut
1200 909 1271 978 ei,
1305 910 1406 989 qui
1436 907 1677 969 audiant
1707 916 1807 970 aut
1835 908 2000 969 illum
2030 910 2295 988 ineptum
2326 916 2385 969 et
2415 908 2672 970 Graecu-

455 994 578 1056 lum
607 1001 845 1074 putent,
890 1002 1019 1064 aut,
1063 993 1295 1055 etiamsi
1335 993 1502 1055 valde
1544 992 1798 1073 probent
1825 994 2129 1072 ingenium
2159 995 2412 1055 oratoris
2440 995 2673 1073 sapien-

326 1093 427 1142 222
457 1082 714 1160 tiamque
744 1079 1141 1149 admirentur,
1174 1096 1238 1139 se
1270 1096 1399 1139 esse
1430 1078 1639 1140 stultos
1668 1078 1914 1139 moleste
1955 1078 2178 1147 ferant;
2233 1080 2337 1140 sed
2377 1080 2459 1140 ita
2498 1097 2671 1159 pera-

450 1172 581 1244 grat
608 1184 718 1245 per
749 1165 992 1235 animoS,
1022 1165 1103 1224 ita
1132 1182 1341 1225 sensus
1371 1165 1677 1225 hominum
1710 1170 2053 1244 mentesque
2084 1169 2423 1244 pertractat,
2454 1171 2520 1225 ut
2549 1182 2670 1225 non

451 1249 748 1311 desideret
798 1247 1287 1329 philosophorum
1340 1248 1770 1328 descriptiones
1821 1266 2014 1329 neque
2064 1250 2334 1328 exquirat
2355 1249 2668 1320 ·oratione,

451 1353 745 1397 summum
777 1332 923 1395 illud
952 1333 1174 1395 bonum
1204 1336 1268 1394 in
1298 1336 1575 1395 animone
1604 1335 1679 1394 sit
1708 1351 1783 1394 an
1813 1336 1876 1393 in
1905 1351 2188 1413 corpore,
2219 1335 2435 1394 virtute
2465 1352 2541 1395 an
2570 1352 2669 1394 vo-

449 1418 673 1499 luptate
709 1419 1053 1489 deliniatur;
1100 1437 1175 1480 an
1219 1419 1366 1479 haec
1394 1420 1552 1480 inter
1581 1437 1645 1480 se
1674 1419 1839 1498 iungi
1886 1417 2265 1499 copularique
2294 1420 2549 1498 possint;
2594 1437 2671 1480 an

450 1522 605 1574 vero,
638 1512 703 1566 ut
731 1503 1081 1585 quibusdam
1111 1505 1327 1576 visum,
1363 1502 1511 1565 nihil
1541 1511 1767 1564 certum
1798 1505 1966 1575 sciri,
2012 1502 2158 1565 nibil
2187 1502 2362 1584 plane
2392 1506 2671 1583 cognosci

449 1597 508 1650 et
535 1591 766 1669 percipi
796 1591 998 1669 possit.
1081 1589 1342 1661 Quarum
1392 1606 1596 1650 rerum
1638 1588 1826 1650 fateor
1869 1607 2143 1668 magnam
2190 1588 2671 1669 mutiplicemque

451 1693 580 1736 esse
611 1673 979 1756 disciplinam
1012 1681 1070 1734 et
1098 1673 1342 1745 multaS,
1386 1675 1655 1754 copiosas
1699 1674 2001 1754 variasque
2031 1675 2320 1743 rationes;
2367 1673 2472 1735 sed
2511 1673 2670 1736 aliud

452 1760 749 1840 quiddam,
783 1757 959 1839 longe
989 1759 1165 1830 aliud,
1199 1760 1437 1830 Crasse,
1472 1760 1826 1840 quaerimus.

620 1845 805 1907 Acuto
835 1845 1075 1906 homine
1107 1842 1277 1905 nobis
1307 1863 1454 1924 opus
1486 1851 1575 1905 est
1604 1851 1664 1907 et
1693 1852 1900 1906 natura
1931 1862 2156 1924 usuque
2185 1843 2415 1915 callido,
2448 1846 2547 1925 qui
2576 1863 2668 1906 sa-

447 1930 670 2008 gaciter
699 1930 1089 2010 pervestiget,
1141 1928 1281 2009 quid
1323 1931 1415 1990 sui
1459 1931 1616 1990 cives
1658 1931 1829 2010 eique
1861 1929 2159 2000 homineS,
2202 1928 2416 2009 quibus
2446 1929 2667 2010 aliquid

443 2013 695 2075 dicendo
723 2013 1085 2094 persuadere
1115 2012 1278 2084 velit,
1312 2015 1606 2094 cogitent,
1638 2016 1924 2084 sentiant,
1957 2015 2304 2094 opinentur,
2337 2021 2666 2094 expectent.

320 2092 405 2168 52
448 2098 674 2161 Teneat
703 2106 939 2179 oportet
978 2116 1156 2160 venas
1185 2100 1468 2179 cuiusque
1498 2102 1762 2179 generiS,
1795 2100 2031 2172 aetatis,
2064 2100 2318 2170 ordinis,
2351 2108 2666 2170 eteorum,

320 1849 421 1903 223

1676 2295 1771 2336 222.
1791 2294 2060 2353 peramat,
2083 2285 2217 2336 zieht
2239 2286 2411 2338 solche
2422 2286 2667 2350 Furchen‚

506 2287 723 2352 partim,
760 2285 854 2335 wie
877 2285 961 2335 die
982 2285 1418 2353 Peripatetiker,‘
1421 2286 1508 2351 qui

1609 2355 1873 2407 schneidet
1896 2369 1953 2405 so
1980 2354 2073 2405 tief
2095 2356 2196 2406 ein.

440 2355 720 2422 perturbari
738 2356 934 2406 animos
953 2370 1164 2405 necesse
1182 2355 1355 2406 dicunt
1374 2369 1506 2417 esse,

442 2424 535 2474 sed
557 2422 799 2475 adhibent
819 2423 1026 2474 modum
1050 2422 1331 2487 quendam,
1356 2438 1506 2488 quem

440 2491 570 2542 ultra
591 2491 829 2611 prssggedi
853 2506 955 2542 non
979 2489 1244 2558 oporteat‘,
1264 2492 1414 2542 Tusc.
1435 2492 1508 2542 IV

445 2558 534 2620 17,
559 2568 611 2610 38
738 2560 1028 2611 diocritates
1052 2559 1125 2609 illi
1147 2560 1432 2626 probabant
1457 2570 1509 2610 et

441 2628 494 2678 in
531 2629 668 2678 omni
700 2629 1016 2695 permotione
1047 2628 1331 2679 naturalem
1366 2628 1504 2679 vole-

441 2697 563 2746 bant
588 2711 702 2747 esse
727 2697 982 2760 quendam
1006 2697 1242 2759 modum,
1269 2697 1431 2747 Acad.
1454 2698 1502 2747 11

438 2764 504 2813 44
522 2802 535 2825 ,
564 2773 654 2815 135.

505 2841 602 2882 221.
653 2834 785 2884 mala
825 2849 888 2883 ac
927 2834 1140 2884 molesta
1173 2840 1226 2883 et
1253 2833 1505 2900 fugienda

441 2900 783 2965 zweigliedrig
816 2916 880 2950 zu
914 2900 1118 2950 fassen=
1153 2900 1284 2950 mala
1307 2915 1367 2950 ac
1389 2915 1503 2951 mo-

441 2968 568 3018 lesta
593 2968 700 3019 und
722 2968 900 3019 aarum
927 2984 991 3018 zu
1015 2967 1236 3031 meiden,
1262 2967 1504 3019 wahl-end

439 3037 572 3086 bona
589 3050 649 3084 ac
673 3035 895 3086 incunda
919 3035 1208 3101 expetenda
1231 3043 1370 3086 sunt.

507 3105 609 3165 ita,
636 3112 784 3153 unter
809 3104 898 3154 der
922 3103 1241 3170 Bedingung.
1273 3104 1504 3182 sapiens,

437 3171 531 3221 wie
566 3172 656 3222 der
689 3170 910 3222 stoische
943 3170 1219 3235 Philosoph
1261 3161 1290 3223 ὁ
1327 3163 1506 3236 σοφὸς

435 3242 729 3326 gegeniiber
754 3240 870 3291 dem
881 3238 1388 3306 Nichtphilosophen‚
1416 3241 1506 3290 der

435 3304 639 3375 ἄφρων
662 3309 753 3372 ist,
780 3305 920 3375 883.

502 3385 558 3428 at
582 3394 630 3428 et
622 3376 1025 3444 qui-nichtut
1037 3376 1142 3440 qui,
1159 3376 1254 3426 wie
1271 3375 1402 3425 auch
1415 3377 1507 3426 der

436 3447 631 3497 Er1.1b
656 3446 819 3496 uti—
751 3479 820 3492 .-
841 3452 897 3496 ut
921 3446 956 3495 ii
993 3446 1118 3496 oder
1142 3443 1188 3494 ei
1212 3442 1325 3506 hat,
1362 3441 1393 3510 S
1416 3442 1504 3496 87.

441 3512 554 3565 165.

502 3584 660 3642 illum,
683 3573 933 3643 ἐκεῖνον,
959 3579 1095 3642 ihn,
1121 3582 1192 3631 im
1213 3578 1501 3647 Gegensatz

436 3665 535 3702 von
561 3664 643 3711 se,
669 3647 701 3715 S
728 3648 842 3699 170.
878 3649 1375 3715 ineptum,114,17.

507 3718 829 3778 Graeculum,
856 3714 995 3800 847.

494 3787 719 3853 probent
749 3787 998 3850 ingenium
1030 3788 1257 3838 oratoris
1297 3786 1367 3835 im
1400 3783 1498 3835 Ge-

434 3864 543 3905 satz
571 3871 635 3904 zu
646 3853 971 3904 Graeculum·
958 3893 972 3914 ,
993 3856 1394 3920 sapientiamque
1411 3856 1504 3905 acl-

432 3925 677 3974 mirentur
709 3923 779 3971 im
814 3921 1098 3988 Gegeusatz
1143 3938 1206 3972 zu
1246 3923 1500 3988 ineptum.

433 3990 525 4039 Die
551 3991 619 4040 Co
658 3991 816 4040 ulativ
854 3990 1031 4041 artikel
1064 4006 1164 4055 que
1197 3990 1332 4041 steht
1367 4004 1501 4041 zwar

434 4058 488 4106 in
515 4059 613 4113 den
672 4075 714 4108 s.
743 4059 823 4108 nic
861 4067 897 4118 t,
925 4059 1060 4109 kann
1085 4060 1204 4109 aber
1226 4058 1335 4109 hier
1360 4057 1500 4109 nicht

434 4125 531 4174 wo}
555 4124 786 4175 entbehrt
801 4127 1020 4178 werden.
1056 4126 1499 4193 DieVerbindung

436 4193 502 4242 ist
545 4206 603 4241 so
645 4193 739 4241 wie
781 4195 914 4244 oben
947 4192 979 4259 S
1012 4192 1116 4245 219
1158 4196 1236 4245 vis
1278 4196 1493 4246 oratoris

433 4260 852 4325 magnitudoque.

1670 2430 1991 2491 pertractat,
2026 2424 2302 2475 bearbeitet
2338 2424 2420 2474 die
2451 2424 2667 2484 Hei-zen,

1607 2493 1705 2543 wie
1738 2492 1831 2543 der
1852 2492 2151 2542 Landmann
2183 2492 2283 2542 den
2315 2492 2508 2544 Boden.
2578 2495 2667 2544 de-

1607 2562 1951 2626 scriptiones,
2023 2560 2665 2626 Begriffsbestimmungen,

1608 2627 1677 2697 S
1670 2713 1901 2749 summum
1934 2697 2129 2747 bonum.
2188 2697 2336 2747 Tusc.
2365 2696 2411 2746 V
2435 2693 2530 2757 30,
2555 2705 2605 2746 84
2631 2697 2667 2747 t'.

1605 2766 1736 2817 Sunt
1759 2772 1926 2815 autem
1950 2762 2045 2814 hae
2063 2765 2127 2815 de
2150 2764 2337 2815 finibus
2364 2760 2669 2829 (bonorum)

1606 2834 1917 2885 sententiae·
1905 2868 1917 2882 .
1932 2832 2055 2882 nihil
2065 2834 2272 2891 bonum,
2287 2832 2383 2882 nisi
2393 2833 2666 2895 honestant,

1606 2913 1662 2952 ut
1686 2901 1870 2960 Stoici;
1908 2899 2031 2950 nihil
2068 2902 2280 2963 bonum,
2320 2900 2414 2950 nisi
2438 2903 2669 2966 volupta-

1607 2977 1719 3031 tem,
1743 2980 1800 3019 ut
1823 2969 2088 3034 Epicurus.
2122 2969 2258 3019 Haec
2282 2968 2556 3033 simplicia;
2583 2969 2669 3018 illa

1608 3039 1793 3087 mixta:
1822 3036 1915 3085 tria
1937 3051 2125 3101 genera
2149 3038 2422 3098 bonorum,
2447 3036 2669 3086 maxima

1607 3107 1783 3164 animi,
1809 3105 2036 3155 secunda
2059 3107 2313 3171 corporis,
2334 3114 2544 3155 externa
2567 3113 2666 3155 ter-

1607 3175 1691 3235 tia,
1719 3182 1776 3222 ut
1798 3173 2142 3238 Peripatetici,
2171 3188 2261 3223 nec
2286 3173 2445 3223 multo
2470 3180 2667 3223 veteres

1607 3240 1895 3292 Academici
1914 3255 2079 3295 secus.
2120 3242 2441 3306 Voluptatem
2457 3257 2566 3292 cum
2582 3241 2668 3294 Ιιο-

1608 3316 1806 3362 nestate
1822 3308 2163 3360 Dinomachus
2183 3317 2234 3360 et
2253 3308 2480 3375 Callipho
2504 3323 2666 3375 copu-

1606 3379 1746 3431 lavit.

1674 3446 1967 3513 quibusdam
1990 3471 2053 3481 —-
2078 3445 2354 3497 besonders
2378 3446 2477 3497 den
2503 3444 2667 3512 Skep-

1604 3516 1769 3565 tikern
1794 3515 1917 3565 oder
1927 3513 2277 3579 Pyrrhoneern
2296 3531 2345 3564 ιι.
2368 3514 2458 3564 der
2476 3529 2665 3564 neuern

1605 3582 1885 3633 Akademie
1909 3579 2246 3645 (Arcesilas),
2271 3582 2341 3632 111
2369 3579 2457 3644 18,
2484 3590 2552 3635 67.

1672 3652 1797 3702 nihil
1826 3658 2045 3715 certum,
2079 3651 2149 3700 im
2173 3650 2523 3716 Allgemeinen
2560 3650 2665 3700 und

1604 3719 1713 3770 also
1738 3718 1867 3770 auch
1890 3719 1942 3768 in
1968 3718 2264 3785 Beziehung
2284 3718 2380 3769 auf
2397 3718 2481 3768 die
2501 3718 2663 3781 Frage

1606 3789 1730 3838 iiber
1765 3787 1858 3837 das
1901 3785 2114 3837 hochste
2160 3788 2275 3839 Gut.
2347 3793 2564 3848 certum,
2606 3787 2664 3836 F.

1605 3854 1792 3907 Schulz
1872 3853 1989 3904 274.
2018 3856 2079 3906 Α.
2100 3852 2148 3904 3.
2193 3856 2319 3904 Dem
2342 3864 2531 3904 certum
2554 3862 2664 3903 ent·

1602 3922 1797 3990 spricht
1865 3921 2073 3985 ernach,
2111 3938 2205 3974 nur
2238 3923 2292 3973 in
2324 3921 2661 3973 adverbialem

1601 3990 1898 4052 Ausdruck‚
1922 3990 2092 4055 plane.

1666 4068 1758 4110 223.
1790 4060 2130 4126 pervestiget,
2156 4061 2200 4109 11
2225 4058 2319 4119 34,
2345 4067 2436 4109 147.

1665 4126 1749 4177 52.
1787 4142 1967 4189 venas,
2002 4129 2100 4178 wie
2132 4128 2222 4178 der
2254 4127 2541 4191 Bergmann
2580 4127 2664 4176 die

1598 4194 1952 4255 Metalladern;
1992 4196 2093 4246 ‘die
2116 4194 2480 4246 wesentlichen
2506 4195 2663 4260 Ziige,

1596 4264 1695 4313 den
1732 4261 2044 4315 Charakter'.
2099 4264 2218 4314 Tac.
2255 4263 2373 4314 dial.
2408 4263 2473 4313 de
2496 4277 2571 4314 or.
2596 4260 2660 4314 31
