2930 4693
800 221 900 283 DE
929 218 1288 283 ORATORE
1326 218 1380 281 ΙΙ
1420 218 1526 283 87.
1570 216 1881 281 'Bw—358.
2313 225 2443 290 21¹1

205 396 311 465 viS,
342 393 484 473 quid
513 408 609 452 me
649 391 859 452 attinet
887 390 1123 452 dicere?
1182 390 1440 460 Tenere,
1474 408 1625 469 quae
1672 388 1952 453 didiceris
1990 392 2054 451 in
2096 392 2440 473 accipienda

205 496 401 548 causa,
431 494 581 557 quae
609 478 738 557 ipse
772 477 1085 554 cogitaris?
1129 493 1336 537 omnes
1375 476 1522 536 fixas
1564 493 1696 536 esse
1735 477 1801 536 in
1841 478 2038 537 animo
2081 479 2440 540 sententias?

204 580 444 624 omnem
475 562 835 641 descriptum
861 559 1183 621 verborum
1213 561 1599 640 apparatum?
1628 562 1711 620 ita
1742 561 1949 622 audire
1978 561 2069 622 vel
2093 580 2248 633 eum,
2277 563 2439 625 unde

204 648 416 717 discas,
446 645 540 706 vel
564 664 716 716 eum,
748 646 845 706 cui
869 645 1353 725 respondendum
1375 647 1469 715 sit,
1500 652 1568 706 ut
1586 644 1816 707 illinon
1839 645 2159 708 infundere
2176 649 2241 708 in
2266 665 2442 709 aures

205 740 337 793 tuas
365 732 711 800 orationem,
745 730 849 791 sed
877 731 940 790 in
971 732 1171 791 animo
1199 729 1512 792 videantur
1538 730 1905 791 inscribere?
1961 731 2166 811 Itaque
2196 731 2308 793 soli
2336 734 2442 813 qui

205 817 491 877 memoria
522 816 722 894 vigent
749 816 966 884 sciunt,
1009 814 1151 894 quid
1182 821 1243 874 et
1275 822 1567 894 quatenus
1605 820 1668 874 et
1706 813 2004 894 quomodo
2046 815 2261 876 dicturi
2299 819 2439 887 sint,

204 901 347 981 quid
388 900 824 980 responderint,
865 898 1008 978 quid
1046 901 1331 978 supersit;
1379 898 1690 979 eidemque
1733 898 1919 961 multa
1959 918 2032 961 ex
2074 899 2204 960 aliis
2243 903 2437 963 causis

205 985 521 1065 aliquando
552 1003 583 1044 a
615 1002 679 1044 se
709 991 857 1054 acta,
889 981 1071 1044 multa
1102 983 1175 1044 ab
1207 984 1335 1043 aliis
1364 982 1564 1044 audita
1589 984 2010 1047 meminerunt.
2070 986 2266 1057 Quare
2295 1004 2440 1047 con·
2468 1001 2575 1056 350

205 1072 377 1131 fiteor
418 1068 689 1149 equidem
735 1070 912 1129 huius
951 1070 1092 1129 boni
1134 1075 1406 1130 naturam
1451 1087 1582 1131 esse
1619 1069 1985 1150 principem,
2036 1072 2191 1131 sicut
2231 1088 2452 1132 earum*

204 1173 426 1226 rerum,
480 1154 553 1214 de
582 1153 795 1234 quibus
824 1160 978 1214 ante
1018 1153 1248 1214 locutus
1277 1171 1438 1224 sum,
1484 1155 1779 1223 omninm;
1832 1154 1937 1216 sed
1978 1155 2127 1216 haec
2178 1172 2277 1216 ars
2315 1162 2441 1218 tota

205 1239 472 1310 dicendi,
524 1240 645 1299 sive
687 1240 832 1299 artis
873 1239 1069 1317 imago
1110 1237 1398 1318 quaedam
1443 1245 1534 1298 est
1577 1245 1637 1298 et
1675 1238 2014 1310 similitudo,
2066 1238 2246 1301 habet
2284 1240 2441 1302 hanc

205 1326 342 1391 vim,
386 1341 505 1384 non
537 1330 604 1384 ut
633 1330 817 1384 totum
848 1321 1087 1404 aliquid,
1131 1324 1298 1384 cuius
1325 1325 1386 1382 in
1417 1324 1673 1401 ingeniis
1713 1325 1934 1384 nostris
1973 1342 2113 1403 pars
2153 1323 2315 1386 nulla
2344 1326 2440 1395 sit,

205 1409 398 1489 pariat
427 1415 486 1468 et
525 1415 820 1488 procreet,
872 1426 1077 1469 verum
1119 1415 1185 1469 ut
1224 1426 1312 1478 ea,
1364 1425 1518 1487 quae
1557 1414 1696 1468 sunt
1733 1413 1864 1468 orta
1903 1408 2022 1468 iam
2064 1410 2128 1468 in
2164 1409 2341 1471 nobis
2381 1417 2444 1470 et

208 1500 549 1573 procreata,
603 1491 816 1553 educet
852 1499 1029 1572 atque
1071 1492 1407 1560 confirmct;
1459 1499 1868 1552 verumtamen
1906 1509 2103 1571 neque
2151 1500 2273 1554 tam
2314 1495 2442 1555 acri
2467 1509 2576 1562 357

205 1579 494 1638 memoria
534 1576 662 1638 fere
705 1578 1013 1657 quisquam
1054 1584 1175 1647 est,
1228 1584 1311 1647 ut,
1365 1594 1485 1636 non
1530 1576 1828 1655 dispositis
1863 1579 2197 1657 notatisque
2237 1578 2440 1649 rebus,

205 1661 477 1723 ordinem
506 1660 823 1722 verborum
856 1670 957 1722 aut
984 1662 1410 1722 sententiarum
1442 1660 1901 1741 complectatur;
1932 1679 2126 1742 neque
2157 1680 2296 1723 vero
2320 1670 2443 1724 tam

205 1745 426 1816 hebeti,
456 1754 524 1807 ut
551 1745 697 1806 nihil
726 1745 839 1806 hac
869 1746 1297 1808 consuetudine
1328 1753 1388 1806 et
1417 1746 1839 1807 exercitatione
1870 1745 2195 1807 adiuvetur.
2283 1747 2445 1810 Vidit

207 1832 365 1891 enim
418 1830 532 1891 hoc
580 1830 906 1910 prudenter
956 1832 1078 1891 sive
1119 1829 1453 1891 Simonides
1504 1831 1625 1891 sive
1678 1829 1827 1892 alius
1877 1832 2010 1910 quis
2061 1833 2314 1902 invenit,
2369 1850 2444 1895 ea

207 1917 463 1974 maxime
495 1915 706 1975 animis
749 1913 923 1993 adfigi
966 1917 1214 1984 nostris,
1267 1933 1418 1993 quae
1463 1922 1678 1975 essent.
1712 1933 1747 1975 a
1790 1934 1968 1976 sensu
2007 1915 2221 1977 tradita
2264 1926 2443 1996 atque

203 2001 523 2077 impressa;
559 2000 914 2058 acerrimum
946 2007 1143 2060 autem
1175 2016 1248 2061 ex
1280 1998 1555 2060 omnibus
1585 2001 1805 2061 nostris
1835 2000 2110 2062 sensibus
2141 2019 2272 2062 esse
2301 2019 2440 2062 sen-

203 2101 339 2144 sum
368 2082 634 2151 videndi;
669 2101 852 2163 quare
884 2082 1160 2144 facillime
1190 2085 1388 2145 animo
1418 2085 1613 2145 teneri
1639 2104 1815 2165 posse
1847 2104 1933 2156 ea,
1982 2104 2133 2166 quae
2164 2087 2442 2166 percipe·

203 2175 417 2227 rentur
446 2166 687 2228 auribus
725 2175 826 2228 aut
855 2169 1228 2246 cogitatione,
1272 2170 1324 2230 si
1353 2170 1530 2230 etiam
1574 2169 1882 2231 oculorum
1924 2170 2443 2232 commendatione

203 2253 417 2312 animis
459 2251 853 2322 traderentur,
908 2261 973 2314 ut
1014 2270 1111 2313 res
1153 2271 1359 2315 caecas
1402 2260 1463 2314 et
1503 2253 1576 2316 ab
1607 2261 1890 2334 ,aspectus
1930 2254 2150 2315 iudicio
2179 2261 2444 2316 remotas

206 2336 595 2399 conformatio
627 2337 915 2417 quaedam
948 2344 1008 2400 et
1034 2340 1231 2418 imago
1274 2344 1332 2399 et
1370 2340 1559 2418 figura
1601 2339 1684 2400 ita
1725 2346 1987 2410 notaret,
2033 2346 2099 2400 ut
2140 2359 2240 2409 ea,
2285 2357 2440 2420 quae

201 2423 517 2501 cogitando
547 2422 861 2504 complecti
889 2442 1007 2484 non
1039 2442 1367 2505 possemuS,
1397 2423 1685 2485 intuendo
1715 2425 1883 2504 quasi
1913 2431 2273 2486 teneremuS.
2332 2425 2441 2487 His
2481 2434 2590 2490 358

272 2672 366 2737 87,
403 2683 498 2726 355.
545 2676 872 2739 accipienda,
907 2689 1001 2724 aus
1035 2675 1137 2724 den
1159 2676 1274 2727 Mit-

201 2742 464 2805 tessungeu
493 2742 586 2791 des
612 2741 839 2792 euenum
893 2741 924 2808 S
952 2740 1049 2792 1⁰2
1440 2683 1513 2733 ut,
1539 2675 1763 2726 dadnrch
1790 2676 1931 2736 dass,
1959 2676 2197 2727 schliesst
2215 2677 2323 2728 sich
2344 2692 2448 2743 eng

852 2779 867 2803 ‚
1055 2777 1069 2791 .

1374 2759 1442 2794 an
1487 2744 1805 2795 traderentur
1851 2759 1936 2795 an.
1994 2747 2442 2810 commendatione,

262 2811 388 2875 quid
399 2811 776 2873 responderint,
797 2810 927 2860 nach
938 2810 1053 2859 dem
1065 2811 1270 2861 Abrinc.

202 2878 312 2927 und
336 2877 435 2927 den
461 2876 586 2936 Erl.‚
612 2879 733 2927 ‘was
758 2879 834 2927 sie
857 2877 1014 2927 sehon
1042 2879 1274 2929 erwidert

202 2941 394 2994 haben’
433 2942 656 2994 ufimlich
687 2944 781 2995 auf
799 2946 879 2995 die
904 2945 1158 2996 Einwiirfe
1181 2947 1274 2997 der

201 3012 422 3077 Gegner.
447 3012 654 3062 Andere
669 3011 810 3062 lesen
829 3013 1117 3079 gleiehfalls
1142 3014 1272 3065 nach

199 3081 305 3128 den
323 3080 413 3129 Hs.
434 3081 531 3139 cui,
559 3079 816 3140 ‘woraul'3’
843 3083 964 3131 aber
982 3098 1037 3132 es
1062 3083 1130 3132 ist
1153 3082 1273 3132 sehr

205 3146 545 3211 zweifelbaft,
593 3149 658 3198 ob
694 3149 784 3198 der
807 3149 953 3199 Dativ
987 3151 1080 3200 des
1105 3151 1269 3201 Relat.

201 3215 274 3263 im
295 3224 528 3265 neutrum
546 3229 605 3265 so
621 3229 722 3265 von
743 3216 850 3267 Cic.
874 3216 1154 3282 gebraucht
1176 3219 1268 3270 sei.

199 3283 288 3332 cui
318 3283 457 3332 kann
489 3297 556 3331 an
579 3298 792 3333 unsel-er
814 3282 968 3334 Stelle
1001 3282 1154 3334 leicht
1176 3300 1270 3335 aus

199 3352 372 3399 einem
395 3348 660 3398 Versehen
694 3349 853 3399 durch
886 3352 979 3400 das
1014 3352 1165 3417 obige
1186 3352 1273 3402 cui

198 3416 619 3482 respondendum
643 3416 710 3466 sit
734 3418 1034 3467 entstanden
1060 3419 1190 3471 sein.

272 3492 370 3534 356.
409 3483 594 3545 Quare,
620 3485 712 3534 der
733 3483 1153 3552 Gedankengang
1172 3488 1270 3537 ist=

201 3552 374 3602 Daher
417 3551 509 3601 hat
541 3552 626 3601 die
662 3552 954 3603 Mnemonik
988 3554 1041 3604 d.
1065 3553 1118 3604 h.
1155 3556 1270 3605 eine

200 3620 427 3670 zweckm
432 3619 602 3685 fissige
612 3618 1111 3687 Gedfichtnisfibung,
1122 3637 1270 3672 wenn

196 3686 335 3737 auch
379 3687 657 3753 ellerdings
698 3689 784 3738 die
822 3703 977 3739 mem.
1025 3690 1268 3741 naturalis

200 3757 290 3805 die
322 3754 646 3820 Hauptsache
675 3757 771 3818 ist,
814 3756 925 3807 ihre
957 3757 1271 3807 wolberech-

203 3825 334 3888 tigte
350 3823 671 3889 Bedentung.
692 3851 758 3861 —
776 3828 911 3877 artis·
931 3830 1114 3891 imam,
1139 3826 1156 3876 l
1180 3824 1266 3889 23,

271 3967 366 4009 357.
401 3960 584 4024 adfigi,
616 3958 814 4009 hatten.
848 3961 1020 4021 Quint.
1044 3960 1119 4012 XI
1141 3962 1195 4025 2,
1221 3969 1272 4011 18

201 4027 262 4076 In
300 4040 360 4074 ea
393 4024 602 4091 (domo)
644 4028 894 4091 quidquid
934 4029 1158 4080 notabile
1193 4037 1272 4080 est

195 4096 370 4145 animo
387 4093 659 4159 diligenter
674 4097 931 4160 adfigitur.
954 4097 1160 4151 ibid.44
1181 4112 1273 4147 nec

194 4169 286 4211 est
308 4163 510 4224 mirum,
534 4163 702 4228 magis
725 4163 932 4213 haerere
949 4166 1119 4215 animo
1140 4179 1272 4228 quae

193 4230 396 4280 diutius
420 4231 587 4293 affixa
611 4232 729 4281 sint.

306 4317 412 4361 CIC.
440 4316 515 4360 DE
540 4318 713 4361 ORAT.
762 4321 803 4362 2.
832 4323 955 4364 Anu.

1373 2812 1536 2862 durch
1570 2811 1928 2878 Vermittlnng.
1971 2805 2305 2879 ‘Na‘gelsbach
2328 2814 2444 2865 Lat.

1377 2879 1494 2931 Stil.
1520 2881 1553 2943 s
1581 2878 1695 2942 135,
1720 2890 1764 2933 2.

1443 2980 1655 3027 caecas,
1687 2965 1779 3015 mit
1813 2966 1957 3016 einer
1989 2965 2119 3016 anch
2153 2967 2203 3016 in
2231 2981 2447 3017 unsel-er

1375 3031 1411 3084 S
1452 3032 1604 3082 rache
1627 3031 1864 3084 iiblichen
1883 3034 2146 3100 Metapher
2169 3031 2249 3100 (z.
2273 3035 2331 3085 Β.
2358 3036 2445 3085 ein

1373 3100 1407 3152 b
1427 3101 1575 3151 inder
1595 3100 1907 3167 Passagier).
1954 3103 2098 3167 Virg.
2124 3103 2254 3153 Aen.
2281 3103 2352 3152 Vl
2374 3101 2446 3154 30

1371 3169 1486 3234 ipse
1519 3168 1665 3218 dolos
1698 3170 1821 3219 tecti
1844 3171 2192 3235 ambagesque
2215 3171 2442 3228 resolvit.

1374 3236 1541 3287 Caeca
1556 3250 1741 3302 regens
1758 3236 1842 3286 fllo
1862 3238 2095 3302 vestigia.
2121 3237 2445 3303 Nfigelsbach

1371 3303 1488 3355 Lat.
1515 3303 1630 3358 Stil.
1654 3300 1687 3370 S
1711 3303 1796 3368 77,
1822 3313 1863 3354 1.

1440 3388 1507 3439 ab
1529 3394 1769 3453 aspectus
1790 3387 1978 3439 iudicio
1998 3393 2222 3439 remotas
2240 3415 2306 3426 ·--
2330 3389 2447 3439 mit-

1373 3455 1470 3505 tels
1522 3456 1618 3506 sin
1636 3454 1881 3505 nlicher
1911 3454 2268 3522 Auschauung
2301 3456 2445 3508 nicht

1371 3521 1776 3574 wahrnehmbar.
2311 3555 2318 3563 ·

1439 3608 1779 3669 conformatio
1813 3606 2035 3658 umfasst
2057 3606 2135 3658 als
2160 3608 2443 3675 Gattungs-

1371 3675 1559 3740 begriff
1575 3676 1747 3740 imago
1773 3684 1825 3724 et
1842 3675 2005 3740 figura
2023 3676 2074 3725 in
2096 3676 2232 3726 sich:
2259 3677 2445 3743 irgend

1372 3743 1488 3793 eine
1544 3743 1906 3809 Formgebung
1974 3741 2328 3809 (Darstellung
2384 3746 2436 3794 in

1370 3808 1590 3860 siunlich
1615 3809 2061 3861 wahrnehmbarer
2084 3811 2303 3877 Gestalt)
2317 3850 2332 3874 ,
2366 3813 2444 3862 sei

1373 3894 1431 3929 es
1479 3880 1565 3928 ein
1608 3877 1724 3928 Bild
1770 3879 1895 3929 oder
1940 3881 2053 3928 eine
2107 3876 2445 3946 (plastische)

1372 3947 1548 4012 Figat.

1440 4032 1713 4095 complecti
1732 4057 1797 4068 -
1829 4030 1945 4089 weil
1978 4030 2072 4080 das
2094 4031 2202 4079 rein
2226 4030 2447 4096 geistigc

1372 4099 1481 4150 und
1502 4097 1830 4150 unsichtbare
1853 4097 1993 4149 nicht
2015 4112 2115 4147 von
2133 4097 2300 4149 festen
2318 4097 2442 4149 Um·

1372 4167 1541 4217 rissen
1572 4175 1841 4233 umgrenzt
1869 4167 2027 4228 wird,
2066 4167 2162 4216 wie
2195 4166 2289 4218 das
2322 4167 2450 4218 kor-

1373 4233 1598 4301 perliche
1621 4235 1731 4286 und
1751 4232 2021 4287 sichtbare.

1955 4322 2036 4387 18
