2930 4693
350 1396 418 1446 27

352 1735 421 1786 28

465 206 543 268 16
1123 197 1221 259 DE
1253 195 1610 258 ORATORE
1640 195 1663 255 l
1696 196 1752 254 7.
1789 201 2049 253 25-28,

461 387 773 433 manorum
798 366 1005 428 diebus
1027 366 1093 427 L.
1117 367 1393 428 Crassum
1423 366 1591 445 quasi
1620 363 1939 444 colligendi
1967 366 2060 425 sui
2089 384 2267 428 causa
2294 384 2359 427 se
2388 369 2454 427 in
2476 366 2699 428 Tuscu·

462 456 661 517 lanum
695 451 1041 521 contulisse;
1083 452 1312 512 venisse
1342 449 1586 520 eodem,
1630 467 1802 511 socer
1832 451 1961 510 eius
1989 451 2091 530 qui
2120 451 2343 526 fuerat,
2375 450 2446 523 Q.
2477 451 2701 514 Mucius

463 538 770 601 dicebatur
800 545 860 598 et
888 537 964 598 M.
995 537 1316 606 Antonius,
1350 535 1529 597 homo
1553 543 1614 596 et
1642 532 2025 597 consiliorum
2047 536 2108 595 in
2142 553 2209 596 re
2237 534 2479 616 publica
2507 538 2702 598 socius
2776 590 2779 595 .

463 633 524 687 et
544 642 772 686 summa
796 641 934 684 cum
948 623 1159 685 Crasso
1184 618 1582 681 familiaritate
1613 621 1982 681 coniunctus.
2027 619 2309 682 Exierant
2336 627 2538 682 autem
2571 638 2701 682 cum

463 712 593 790 ipso
623 709 834 772 Crasso
863 706 1275 769 adulescentes
1324 712 1383 765 et
1412 705 1587 767 Drusi
1628 706 1883 766 maxime
1926 704 2249 766 familiares
2291 707 2444 767 etin
2487 705 2705 786 quibus

462 812 736 874 magnam
761 802 884 855 tum
903 810 1072 871 spem
1096 792 1350 852 maiores
1373 797 1514 852 natu
1537 789 1837 868 dignitatis
1857 808 1998 850 suae
2027 789 2409 862 collocarent,
2436 791 2501 853 C.
2517 791 2702 858 Cotta,

463 881 564 961 qui
603 886 727 941 tum
771 876 1137 939 tribunatum
1183 874 1374 955 plebis
1414 873 1684 956 petebat,
1730 883 1790 935 et
1815 875 1881 936 P.
1914 873 2238 956 SulpiciuS,
2285 878 2388 954 qui
2418 876 2701 955 deinceps

462 983 599 1027 eum
627 964 1036 1042 magistratum
1068 962 1359 1041 petiturus
1388 959 1722 1041 putabatur.
1780 959 1856 1020 Hi
1884 960 2079 1039 primo
2109 959 2205 1021 die
2232 961 2306 1022 de
2336 960 2713 1041 temporibus·

463 1049 657 1126 deque
677 1049 951 1109 universa
973 1065 1040 1106 re
1069 1044 1321 1126 publica,
1356 1063 1533 1126 quam
1557 1043 1632 1105 ob
1664 1063 1898 1106 causam
1932 1052 2231 1117 venerant,
2264 1044 2518 1107 multum
2550 1046 2703 1106 inter

465 1153 528 1195 se
573 1151 760 1212 usque
802 1130 877 1192 ad
914 1138 1245 1192 extremum
1290 1137 1526 1210 tempus
1567 1129 1685 1190 diei
1729 1129 2004 1191 collocuti
2045 1136 2200 1191 sunt.
2289 1130 2418 1202 Quo
2460 1131 2701 1210 quidem

464 1235 740 1280 sermone
785 1215 967 1277 multa
1013 1215 1289 1276 divinitus
1330 1233 1360 1275 a
1392 1214 1584 1275 tribus
1608 1213 1729 1275 illis
1760 1213 2170 1277 consularibus
2198 1216 2366 1278 Cotta
2397 1214 2702 1295 deplorata

470 1311 530 1365 et
570 1307 1033 1363 commemorata
1064 1299 1372 1372 narrabat,
1413 1307 1483 1360 ut
1522 1298 1671 1360 nihil
1713 1298 2019 1361 incidisset
2057 1309 2261 1379 postea
2292 1302 2516 1361 civitati
2544 1298 2699 1371 mali,

468 1387 625 1469 quod
657 1405 777 1447 non
807 1386 1156 1467 impendere
1186 1384 1275 1446 illi
1316 1392 1481 1446 tanto
1512 1391 1649 1445 ante
1678 1384 1977 1446 vidissent.
2038 1384 2124 1446 Eo
2155 1392 2353 1447 autem
2384 1387 2550 1446 omni
2580 1404 2700 1447 ser-

463 1491 642 1535 mone
673 1472 961 1543 confecto,
992 1466 1218 1534 tantam
1245 1472 1309 1532 in
1340 1470 1551 1532 Crasso
1580 1471 2005 1532 humanitatem
2036 1470 2232 1541 fuisse,
2264 1477 2361 1540 ut,
2394 1489 2534 1532 cum
2563 1469 2703 1532 lauti

466 1556 907 1628 accubuissent,
982 1556 1293 1618 tolleretur
1344 1557 1539 1617 omnis
1588 1553 1688 1616 illa
1733 1556 2059 1634 superioris
2120 1557 2353 1625 tristitia
2412 1556 2703 1616 sermonis

466 1661 651 1724 eaque
704 1649 860 1703 esset
908 1644 969 1703 in
1021 1643 1264 1704 homine
1314 1638 1650 1702 iucunditas
1691 1647 1752 1701 et
1790 1646 1988 1700 tantus
2016 1641 2080 1700 in
2120 1639 2372 1701 iocando
2402 1639 2600 1720 lepos,
2642 1646 2705 1701 ut

466 1729 592 1790 dies
614 1730 773 1789 inter
803 1746 906 1789 eos
935 1728 1135 1789 curiae
1165 1726 1349 1788 fuisse
1371 1724 1693 1796 videretur,
1729 1725 2058 1786 convivium
2076 1724 2416 1787 Tusculani.
2456 1725 2703 1787 Postero

465 1822 661 1875 autem
694 1813 818 1883 die,
854 1830 989 1873 cum
1020 1811 1106 1871 illi
1137 1813 1396 1872 maiores
1424 1817 1568 1872 natu
1596 1810 1739 1871 satis
1774 1811 2106 1890 quiessent,
2149 1812 2212 1871 in
2243 1808 2703 1872 ambulationem

466 1906 702 1960 ventum
757 1915 887 1957 esse
937 1894 1200 1957 dicebat:
1251 1903 1375 1957 tum
1422 1896 1851 1956 SCAEVOLAM
1907 1894 2138 1956 duobus
2187 1897 2389 1975 spatiis
2442 1894 2705 1957 tribusve

465 1983 635 2044 factis
665 1980 908 2043 dixisse:
951 1980 1069 2042 Cur
1100 1998 1222 2041 non
1257 1981 1590 2052 imitamur,
1636 1981 1873 2051 Crasse,
1923 1980 2229 2041 Socratem
2257 1979 2452 2051 illum,
2485 1982 2591 2069 qui
2620 1986 2707 2041 est

532 2174 703 2239 quasi,
730 2172 868 2222 deun
893 2172 975 2222 die
998 2171 1535 2237 eigentlicheUrsache

467 2256 571 2291 war
604 2241 686 2291 die
708 2239 1159 2292 Unzul'riedeuheit
1189 2242 1282 2290 mit
1315 2241 1416 2291 den
1441 2240 1530 2290 da·

466 2309 688 2374 maligen
713 2309 855 2374 polit.
883 2309 1193 2360 Zustfinden.
1244 2306 1276 2377 S
1301 2307 1386 2361 38.

533 2380 587 2427 in
616 2377 765 2429 Tuae.
782 2415 796 2441 ,
821 2378 873 2427 in
900 2378 991 2427 der
1013 2378 1284 2427 reizenden
1309 2377 1533 2443 Bergge·

465 2444 604 2510 gend
629 2461 677 2495 v.
691 2446 987 2509 Tusculum,
1016 2460 1093 2496 wo
1118 2444 1240 2495 sehr
1261 2445 1391 2496 viele
1413 2461 1532 2496 vor-

466 2511 650 2563 nehme
674 2514 860 2565 Romen·
881 2513 990 2563 ihre
1012 2513 1181 2565 Villen
1205 2513 1396 2563 hatten.

527 2582 721 2646 fuerat.
791 2581 1027 2632 Dan-nach
1075 2597 1177 2632 war
1222 2581 1331 2632 also
1392 2581 1534 2632 diese

465 2649 683 2700 Tochter
707 2651 799 2701 des
824 2650 957 2700 Muc.
978 2649 1227 2701 Scaevola
1249 2664 1430 2716 augur,
1450 2650 1535 2699 die

463 2718 558 2767 mit
593 2718 807 2769 Crassus
840 2718 1055 2769 vermilt
1088 2733 1350 2782 gewesen,
1395 2717 1535 2768 nicht

464 2785 712 2851 mehrgam
724 2786 915 2835 Leben.
941 2785 1059 2851 Vgl.
1071 2786 1225 2837 Corn.
1238 2786 1367 2852 Nep.
1382 2786 1531 2836 Eum.

464 2850 501 2903 6
516 2852 776 2919 Olympias
794 2862 955 2903 mater
973 2867 1103 2915 quae
1116 2855 1297 2916 fuerat
1308 2853 1534 2904 Alexan·

467 2920 545 2969 dri
570 2926 703 2983 (tum
726 2920 936 2983 mortui)
963 2937 1016 2971 u.
1043 2937 1094 2985 p.
1122 2921 1256 2971 Sest.
1283 2920 1342 2980 3,
1368 2930 1394 2971 6
1417 2922 1536 2971 ade-

467 2988 557 3037 mit
584 2989 766 3038 Albino
803 2990 965 3038 soceri
1001 3003 1187 3037 nomen
1220 3003 1357 3039 mors
1381 2988 1534 3043 filiae.

466 3055 744 3121 Uebrigens
769 3056 895 3105 wird
915 3055 1160 3105 natfirlich
1184 3055 1421 3106 dennoch
1442 3058 1535 3107 das

467 3122 928 3173 verwandtschaftl.
1003 3123 1292 3174 Verhiiltnis
1362 3125 1537 3175 beider

467 3191 676 3241 Manner
699 3201 825 3243 stets
851 3192 943 3241 mit
967 3206 1112 3243 socer
1132 3193 1239 3243 und
1265 3207 1422 3257 gener
1447 3195 1532 3244 be·

468 3258 700 3377 agichnet
733 3255 764 3324 S
798 3257 892 3323 353
937 3256 969 3326 S
1004 3260 1125 3310 242.
1183 3261 1229 3311 11
1262 3259 1323 3323 6,
1357 3270 1426 3313 2².
1465 3262 1538 3312 111

470 3327 496 3378 1
551 3365 564 3391 ,
586 3336 653 3378 68.

532 3396 853 3448 consiliorum
885 3397 1078 3455 socius,
1113 3410 1166 3462 p.
1202 3396 1378 3447 Planc.
1411 3398 1473 3457 2,
1508 3405 1535 3446 5

469 3479 635 3527 neque
658 3474 738 3515 est
761 3464 920 3514 ullum
939 3465 1129 3515 certius
1148 3465 1400 3515 amicitiae
1419 3465 1532 3514 vin·-

466 3531 660 3594 culum,
714 3547 867 3595 quam
914 3546 1198 3583 consensus
1232 3543 1282 3583 et
1313 3535 1536 3585 societas

465 3602 788 3652 consiliorum
811 3609 862 3650 et
886 3600 1223 3651 voluntatum.

532 3677 599 3717 25.
626 3669 893 3733 diqnilalt'a
914 3683 1054 3730 cuae,
1076 3668 1197 3719 dass
1217 3667 1294 3718 sie
1312 3668 1537 3719 dei-eiust

468 3735 652 3784 einmal
686 3734 781 3785 aul'
800 3734 967 3785 Seiten
996 3736 1086 3785 der
1110 3735 1394 3802 Optimaten
1429 3745 1538 3786 ste-

466 3800 566 3851 hen
611 3802 715 3851 und
753 3804 805 3852 in
848 3805 1250 3854 conservativem
1285 3806 1537 3854 Interesse

468 3869 657 3918 witken
691 3870 928 3928 wiirdeu3
966 3873 1124 3921 werin
1155 3872 1232 3922 sie
1266 3871 1378 3921 sich
1413 3873 1535 3922 aber

467 3936 520 3985 in
533 3934 826 4002 Beziehung
842 3938 936 3988 auf
944 3937 1200 4005 Sulpicius
1223 3939 1534 4005 wenigstens

469 4003 617 4054 bitter
646 4003 928 4055 tiiuschten.
985 4007 1115 4056 Eiul.
1152 4008 1172 4056 1
1207 4003 1239 4073 S
1269 4005 1356 4071 12,
1392 4016 1469 4058 142
1492 4007 1530 4058 f.

463 4068 699 4257 ἕξίεὸαί.
735 4071 805 4119 im
835 4072 881 4121 J.
905 4071 971 4122 91
1008 4074 1123 4124 aufe
1146 4075 1193 4124 J.
1218 4073 1311 4134 90,
1349 4075 1482 4125 Einl.
1510 4078 1532 4127 1

529 4134 618 4194 13,
647 4145 737 4186 154.
785 4140 1050 4204 deinceps,
1078 4142 1149 4190 im
1172 4142 1221 4193 J.
1247 4140 1316 4193 89
1337 4143 1454 4194 aurs
1478 4144 1530 4194 J.

550 4239 567 4268 ‚
592 4203 722 4257 Einl.
749 4205 770 4252 1
793 4200 825 4269 S
853 4203 946 4269 12,
975 4215 1064 4257 1⁴1.

1702 2181 1772 2223 26.
1803 2174 1972 2238 primo
1997 2174 2081 2224 die
2114 2173 2217 2223 Der
2249 2184 2384 2225 erste
2406 2188 2576 2239 ganza
2599 2174 2707 2239 Τις

1636 2241 1703 2291 ist
1727 2241 1819 2291 der
1840 2241 2025 2291 Politik
2048 2242 2336 2307 gewidmet.

1705 2311 1771 2361 de
1794 2309 2125 2375 temporibus,
2151 2310 2362 2377 speciell
2385 2310 2514 2361 iiber
2538 2310 2587 2361 d.
2608 2325 2707 2361 un-

1636 2377 1957 2443 gliicklichen
1981 2379 2127 2444 polit.
2152 2377 2524 2430 Verhfiltnisse.

1706 2464 1966 2522 divinitus,
2004 2464 2100 2513 wie
2132 2462 2298 2527 gleich
2341 2462 2567 2513 nachher
2607 2479 2707 2514 von

1640 2529 1883 2581 Soka-ates
1925 2527 1957 2597 S
1986 2529 2054 2580 28
2080 2532 2183 2582 uud
2209 2530 2240 2599 S
2264 2528 2332 2580 49
2355 2546 2457 2582 von
2480 2531 2650 2591 Plato,
2677 2530 2710 2597 S

1634 2598 1735 2648 227
1782 2613 1882 2649 von
1912 2597 2155 2656 Crassus;
2205 2600 2317 2649 ‘wie
2358 2613 2452 2650 aus
2492 2598 2709 2650 hohen-er

1640 2666 1912 2730 gottlicher
1953 2667 2257 2734 Eingebung
2299 2664 2358 2734 (S
2395 2665 2560 2729 202),’
2597 2666 2712 2717 hier

1635 2734 1767 2784 auch
1790 2734 1842 2784 in
1868 2734 2255 2802 prophetischer
2275 2734 2626 2787 Voraussicht.

1702 2828 1771 2869 27.
1807 2819 2160 2871 manitatem
2183 2821 2450 2886 Artigkeit,
2475 2820 2711 2870 Feinheit

1638 2888 1731 2939 des
1755 2886 2079 2940 Benehmens
2103 2903 2268 2954 gegen
2294 2889 2440 2940 aeine
2464 2887 2635 2940 Gfiste.

1705 2973 1917 3023 tristitia
1935 2971 2091 3024 often-s
2110 2973 2202 3023 mit
2219 2973 2464 3024 severitas
2485 2974 2707 3024 verbun-

1638 3041 1738 3091 den
1774 3040 1911 3091 Lael.
1942 3039 2030 3100 18,
2055 3049 2135 3099 66,
2171 3041 2254 3091 die
2287 3042 2475 3091 triibe
2511 3041 2709 3093 Stim-

1639 3123 1826 3172 mung
1850 3108 1940 3158 der
1961 3107 2417 3174 voransgehenden
2442 3108 2709 3160 Unterhal-

1639 3185 1766 3241 tung
1796 3178 1866 3225 im
1892 3176 2177 3242 Gegensatz
2214 3191 2312 3227 von
2347 3177 2598 3237 hilaritas,
2634 3179 2710 3229 111

1646 3245 1741 3304 47,
1769 3253 1862 3294 197.

1693 3313 1982 3364 iucunditas
2028 3312 2111 3361 ein
2152 3312 2565 3379 ansprechendes
2614 3329 2706 3380 ge-

1638 3379 1838 3446 sfilliges
1872 3381 2093 3440 Wesen,
2132 3381 2225 3431 das
2258 3381 2368 3431 sich
2400 3382 2455 3431 in
2489 3381 2712 3445 jovialer

1634 3448 1810 3498 Laune
1832 3465 1884 3500 u.
1910 3447 2128 3499 heiterer
2150 3449 2522 3515 Unterhaltnug
2555 3450 2707 3516 zeigt.

1708 3534 1836 3583 dies.
1894 3532 1987 3582 Die
2020 3533 2294 3599 Tageszeit
2327 3534 2404 3585 bia
2440 3551 2533 3585 zur
2565 3534 2707 3585 Tale!

1636 3615 1804 3666 gegen
1815 3600 1997 3651 Abend
2020 3610 2139 3667 trng
2160 3602 2258 3652 den
2276 3601 2556 3654 Chai-ahter
2565 3604 2708 3653 eines

1640 3677 1846 3718 ernsten
1870 3667 2258 3735 Sitzungstages
2282 3671 2351 3720 im
2364 3670 2707 3730 Senatslokal,

1640 3737 1734 3787 das
1758 3738 2033 3788 convivium
2065 3737 2148 3787 die
2172 3738 2312 3798 Zeit,
2348 3752 2425 3788 wo
2462 3739 2540 3788 sie
2563 3753 2626 3787 an
2653 3738 2706 3790 d.

1637 3803 1778 3856 Tal'el
1815 3819 2025 3866 sussen,
2062 3805 2335 3871 entsprach
2357 3807 2499 3856 einer
2521 3821 2580 3857 so
2604 3808 2704 3857 rei-

1640 3872 1838 3922 zenden
1862 3872 2020 3932 Villa,
2047 3873 2099 3922 in
2126 3874 2216 3923 der
2238 3874 2316 3923 sie
2340 3874 2586 3939 speisten.

1703 3949 1772 3991 28.
1795 3941 1849 3990 in
1859 3940 2257 4000 mutationem,
2274 3937 2357 4001 εἰς
2367 3941 2704 4007 περίπατον,

1637 4025 1699 4059 zu
1712 4009 1761 4059 d.
1781 4008 2017 4058 iiblichen
2034 4009 2588 4076 Morgenspaziergang
2598 4025 2659 4060 en
2667 4018 2708 4060 t-

1631 4076 1801 4193 wglder
1822 4076 1892 4125 im
1910 4076 2088 4126 Freien
2114 4078 2200 4126 od.
2226 4087 2378 4128 nnter
2398 4077 2703 4144 praehtigen

1631 4144 1676 4193 fl
1728 4144 1828 4193 len.

1697 4212 1910 4277 spatiis,
1939 4210 2170 4276 ‘Ganga’
