2930 4693
413 254 538 319 138
981 244 1080 310 DE
1122 244 1479 310 ORATORE
1517 244 1571 307 11
1614 243 1715 308 29.
1760 250 2065 307 125-128.

415 438 574 492 esse,
609 435 756 501 quos
783 425 1090 500 praestare
1119 435 1297 478 nemo
1326 431 1446 477 non
1475 423 1702 496 posset;
1756 414 1970 477 multas
2013 415 2191 475 etiam
2234 432 2267 475 0
2307 432 2374 475 re
2404 413 2654 495 publica

413 505 732 567 seditiones
772 522 951 585 saepe
994 520 1122 565 0330
1164 502 1378 573 factas,
1432 509 1500 563 ut
1531 519 1666 563 cum
1707 519 1883 580 reges
1914 507 2111 561 essent
2142 501 2359 571 exacti,
2412 508 2477 561 ut
2505 519 2650 561 cum

413 590 728 652 tribunicia
770 595 1029 671 potestas
1070 588 1417 658 constituta;
1470 585 1630 647 illam
1662 586 1928 648 Norbani
1967 585 2319 648 seditionem
2362 603 2435 647 ex
2478 585 2654 646 luctu

413 676 627 737 civium
666 681 726 737 et
757 693 828 736 ex
858 675 1171 754 Caepionis
1216 672 1380 744 odio,
1435 673 1538 753 qui
1578 672 1903 733 exercitum
1945 672 2254 741 amiserat,
2307 688 2502 750 neque
2543 688 2649 731 re-

275 780 374 831 125
408 762 588 840 primi
616 761 878 841 potuisse
908 766 968 819 et
995 760 1125 819 iure
1157 776 1286 820 esse
1317 757 1669 818 conflatam?
1718 756 1917 817 Potuit
1945 756 2042 816 hic
2063 754 2229 816 locus
2250 762 2373 816 tam
2399 773 2647 836 anceps,

411 853 529 907 tam
558 845 885 914 inauditus,
927 851 1049 904 tam
1080 842 1374 914 lubricus,
1407 850 1529 904 tam
1560 858 1746 903 novus
1776 842 1904 902 sine
1933 840 2188 921 quadam
2219 838 2558 901 incredibili
2586 842 2651 901 vi

409 949 478 992 ac
532 929 807 992 facultate
849 928 1085 990 dicendi
1133 929 1413 989 tractari?
1499 926 1654 999 Quid
1702 944 1813 1005 ego
1853 926 1928 987 de
1971 926 2076 987 Cn.
2108 925 2316 996 Mallii,
2374 924 2515 1006 quid
2567 926 2652 985 (10

408 1016 476 1088 Q.
510 1016 688 1094 Regis
719 1014 1232 1075 commiseratione
1276 1011 1495 1073 dicam?
1564 1012 1705 1092 quid
1763 1011 1836 1072 (10
1894 1009 2022 1085 aliis
2071 1009 2651 1072 innumerabilibus?

406 1103 469 1161 in
499 1100 713 1180 quibus
743 1116 864 1160 non
892 1099 1009 1160 boc
1038 1100 1293 1160 maxime
1324 1098 1563 1170 enituit,
1608 1095 1765 1177 quod
1796 1095 1905 1157 tibi
1933 1114 2142 1157 omnes
2172 1095 2342 1166 dant,
2388 1113 2650 1156 acumen

409 1185 705 1265 quoddam
737 1183 1068 1263 singulare,
1120 1184 1225 1245 sed
1254 1183 1402 1244 haec
1429 1183 1588 1263 ipsa,
1622 1201 1772 1263 quae
1804 1199 1963 1244 nunc
1994 1181 2069 1242 ad
2099 1200 2196 1243 me
2228 1181 2502 1260 delegare
2532 1181 2644 1254 viS‚

413 1287 482 1331 ea
512 1286 749 1348 semper
778 1271 842 1330 in
872 1277 930 1331 te
963 1270 1177 1331 eximia
1208 1276 1267 1330 et
1295 1269 1656 1349 praestantia
1686 1267 1943 1330 fuerunt.

239 1353 445 1428 29126
580 1354 731 1415 Tum
764 1353 1120 1425 OATULUS,
1174 1355 1298 1433 Ego
1329 1372 1502 1425 vero,
1544 1354 1762 1434 inquit,
1809 1354 1871 1413 in
1917 1352 2078 1413 vobis
2105 1351 2223 1413 hoc
2251 1352 2505 1413 maxime
2538 1349 2647 1412 ad·-

409 1441 617 1501 mirari
645 1438 834 1511 soleo,
868 1439 1024 1521 quod
1043 1488 1058 1512 ,
1093 1458 1228 1501 cum
1259 1441 1417 1500 inter
1445 1456 1549 1499 vos
1576 1440 1640 1498 in
1673 1437 1923 1498 dicendo
1955 1435 2330 1498 dissimillimi
2360 1437 2511 1507 sitis,
2558 1437 2646 1497 ita

408 1533 608 1586 tamen
636 1533 887 1605 uterque
909 1532 1170 1586 vestrum
1200 1524 1375 1594 dicat,
1394 1520 1473 1584 ‘ut
1503 1525 1558 1584 ei
1587 1522 1735 1584 nihil
1764 1540 1956 1603 neque
1986 1541 2024 1582 a
2042 1529 2254 1583 natura
2284 1521 2645 1600 denegatum

409 1629 603 1691 neque
632 1630 665 1671 a
695 1610 965 1671 doctrina
994 1627 1114 1671 non
1147 1609 1405 1671 delatum
1437 1626 1569 1670 esse
1598 1608 1881 1669 videatur.
1937 1607 2151 1679 Quare,
2183 1607 2411 1677 Crasse,
2444 1624 2644 1686 neque

407 1703 473 1757 tu
500 1703 601 1757 tua
631 1697 913 1759 suavitate
943 1713 1053 1755 nos
1091 1694 1350 1774 privabis
1368 1742 1383 1765 ,
1440 1700 1529 1764 ut,
1584 1695 1635 1753 si
1675 1692 1817 1773 quid
1846 1691 1919 1753 ab
1949 1692 2206 1753 Antonio
2239 1699 2339 1753 aut
2367 1698 2643 1771 praeter-

407 1781 652 1843 missum
684 1788 784 1842 aut
812 1778 1085 1841 relictum
1117 1781 1220 1848 sit,
1276 1796 1396 1840 non
1440 1777 1725 1859 expliceS,
1770 1796 1963 1857 neque
1992 1783 2080 1848 te,
2112 1778 2359 1848 Antoni,
2411 1776 2642 1861 siquid

408 1865 545 1926 non'
560 1866 798 1937 dixeriS,
831 1863 1294 1927 existimabimus
1317 1882 1438 1924 non
1468 1864 1729 1944 potuisse
1757 1864 1971 1944 potius,
2004 1881 2181 1943 quam
2216 1881 2250 1923 a
2279 1863 2490 1924 Crasso
2521 1860 2645 1921 dici

406 1949 702 2014 maluisse.
1525 1997 1538 2010 .

582 2035 693 2096 Hic
725 2031 1071 2106 CRASSUS,
1125 2034 1280 2105 Quin
1309 2041 1404 2104 tu,
1447 2034 1668 2115 inquit,
1711 2034 1960 2103 Antoni,
2007 2034 2262 2103 omittis,
2306 2034 2442 2103 ista,
2486 2051 2642 2112 quae

409 2121 799 2200 proposuisti,
833 2138 983 2201 quae
1014 2137 1190 2181 nemo
1220 2119 1435 2180 horum
1468 2118 1790 2191 desiderat;
1837 2118 2048 2199 quibus
2079 2138 2152 2180 ex
2180 2118 2326 2179 locis
2356 2135 2453 2189 ea,
2486 2136 2643 2197 quae

410 2205 661 2267 dicenda
691 2207 810 2268 sint
836 2207 900 2265 in
932 2206 1152 2276 causiS,
1194 2206 1592 2285 reperiantur.
1682 2204 1844 2276 Quae
1875 2222 2230 2285 quamquam
2260 2202 2366 2264 abs
2395 2210 2453 2263 te
2485 2221 2641 2263 novo

407 2291 662 2371 quodam
693 2290 869 2353 modo
899 2290 1325 2371 praeclareque
1353 2290 1660 2362 dicuntur,
1702 2296 1841 2352 sunt
1869 2297 2066 2352 tamen
2100 2296 2160 2351 et
2186 2307 2253 2350 re
2283 2285 2548 2349 faciliora
2579 2296 2643 2349 et

404 2378 740 2457 praeceptis
772 2384 1118 2457 pervagata;
1171 2375 1273 2437 illa
1304 2376 1589 2456 deprome
1620 2375 1791 2437 nobis
1820 2376 1979 2437 unde
2011 2375 2272 2446 adferaS,
2328 2392 2478 2455 quae
2507 2392 2639 2435 sae-

406 2462 649 2541 pissime
678 2468 897 2523 tractas
927 2479 1280 2541 semperque
1309 2461 1603 2523 divinitus.

579 2547 936 2627 Depromam
970 2546 1272 2628 equidem,
1314 2547 1589 2627 inquit,
1647 2553 1707 2607 et
1735 2564 1851 2627 quo
1881 2545 2111 2607 facilius
2139 2546 2199 2607 id
2230 2563 2264 2605 a
2297 2552 2352 2605 te
2383 2546 2636 2623 exigam,

407 2632 567 2712 quod
608 2640 775 2713 peto,
830 2630 980 2693 nihil
1020 2630 1130 2693 tibi
1159 2649 1194 2691 a
1224 2651 1320 2694 me
1350 2630 1672 2712 postulanti
1700 2630 2007 2693 recusabo.
2096 2630 2261 2692 Meae
2291 2631 2470 2691 totius
2501 2648 2638 2691 ora-

404 2719 582 2779 tionis
613 2725 672 2779 et
699 2719 868 2780 istius
896 2718 1081 2798 ipsius
1110 2718 1173 2778 in
1203 2717 1455 2779 dicendo
1497 2717 1820 2789 facultatiS,
1870 2735 2048 2797 quam
2090 2714 2265 2778 modo
2297 2716 2542 2779 Crassus
2571 2717 2639 2775 in

275 2051 372 2103 127

267 2566 370 2618 128

471 2936 614 2972 nemo
638 2937 741 2972 non
763 2935 819 2987 p.
845 2937 946 2972 non
980 2919 1106 2971 fehlt
1130 2935 1263 2971 zwar
1286 2921 1339 2971 in
1364 2921 1462 2971 (100

404 2988 521 3049 Η3.,
552 2990 621 3039 ist
654 2990 803 3049 aber,
849 2988 948 3038 wie
988 2989 1072 3039 die
1103 2988 1465 3040 Parallelstelle

402 3052 434 3121 S
464 3055 563 3107 199
588 3058 738 3123 zeigt,
763 3056 873 3108 hier
895 3071 1028 3122 ganz
1052 3056 1461 3108 unentbehrlich:

404 3122 560 3174 ofters
595 3126 736 3175 scien
770 3124 1058 3176 Aufstande
1091 3125 1269 3175 nicht
1308 3126 1467 3175 wider

403 3193 497 3243 das
538 3192 725 3254 Recht,
775 3194 994 3244 sondern
1035 3208 1169 3258 ganz
1210 3195 1264 3243 in
1302 3193 1463 3243 ihrem

401 3260 593 3326 Recht,
630 3262 812 3312 sodass
845 3262 1204 3327 unbedingt
1237 3262 1462 3312 «1011οτ-

401 3344 583 3380 mann
618 3331 695 3381 sie
730 3337 979 3381 vertreten
1014 3331 1209 3393 kiinne,
1247 3328 1469 3379 niimlich

401 3397 477 3447 als
501 3398 856 3463 rechtmiissig,
882 3415 935 3448 u.
961 3398 1037 3448 sie
1061 3399 1168 3447 also
1197 3397 1469 3448 vertheidi-

400 3480 497 3530 gen
527 3466 689 3517 diirfe.
713 3467 862 3517 Danu
878 3465 1008 3531 folgt
1026 3467 1110 3516 die
1128 3465 1462 3531 Steigerung:

398 3535 587 3585 multas
611 3537 762 3586 etiam
785 3551 812 3585 e
836 3534 1097 3600 republica
1120 3542 1214 3583 etc.

468 3611 560 3652 125.
610 3619 826 3668 anceps,
872 3604 1000 3653 eben
1035 3617 1213 3667 wegen
1246 3602 1339 3652 des
1372 3603 1462 3653 be—

401 3670 703 3721 denklichen
744 3670 1030 3731 Versuchs,
1088 3670 1463 3721 revolutionare

400 3738 754 3804 Bewegungen
782 3755 847 3789 zu
869 3738 1249 3803 rechtfertigen.

465 3809 914 3868 commiseratione,
941 3808 1008 3857 da
1030 3807 1107 3857 sie
1125 3805 1459 3857 unverschul-

402 3875 486 3925 det
511 3875 672 3926 durch
707 3876 791 3926 (110
824 3876 1081 3926 temeritas
1119 3875 1209 3925 des
1233 3874 1460 3925 Procon-

402 3943 509 3993 3013
534 3944 588 3994 10
614 3945 698 3995 (110
724 3943 1028 3995 unheilvolle
1052 3942 1354 4009 Nicderlage
1376 3944 1469 3992 mit

399 4009 805 4077 hineingezogen
826 4026 1014 4063 waren.

468 4075 555 4139 29,
583 4088 673 4131 126.
709 4081 987 4143 suavitate,
1013 4075 1046 4144 S
1073 4077 1157 4128 16.

470 4154 560 4197 127.
598 4145 728 4206 Quin
751 4154 805 4197 tu
829 4149 1042 4207 omittia,
1070 4145 1279 4196 Schultz
1304 4147 1336 4208 S
1361 4145 1462 4197 352

398 4211 461 4259 A.
474 4209 523 4260 5.
554 4212 766 4263 Crassus
783 4214 887 4263 will
898 4215 980 4264 die
991 4214 1259 4278 Artigkeit,
1272 4213 1463 4263 welche

396 4279 450 4327 in
476 4278 593 4328 dem
615 4279 803 4329 letzten
820 4280 999 4331 Worte
1024 4282 1114 4331 des
1135 4280 1342 4331 Catulus
1361 4281 1460 4346 lag,

1568 2936 1662 2972 aus
1673 2920 2092 2972 Bescheidenheit
2111 2920 2253 2971 nicht
2270 2936 2328 2971 30
2342 2919 2638 2971 0110οἮ01-

1568 2999 1701 3040 teres
1745 2990 2080 3055 acceptioren.
2150 2989 2318 3039 Daher
2351 2989 2434 3040 (110
2468 2988 2638 3038 Wen-

1569 3057 1735 3122 dung:
1765 3058 1897 3116 nein,
1923 3056 2027 3108 lass
2054 3059 2123 3109 du
2148 3056 2303 3108 lieber
2323 3055 2523 3107 einfach
2541 3058 2637 3107 das

1567 3139 1701 3242 ἓξὲξ
1724 3124 2641 3261 (ἶέἰὲὰεέἓέἒξὲῐξιὲὴὲἑςέἰζηῗἭ

1569 3261 1683 3311 dem
1706 3275 1800 3311 aus
1825 3261 1910 3311 (110
1930 3260 2173 3327 folgende
2191 3261 2516 3326 Darstenung
2539 3261 2634 3310 be-

1570 3328 1787 3379 trachtet
1810 3329 1920 3379 sein
1944 3331 2074 3396 will,
2109 3329 2251 3380 nicht
2283 3329 2361 3379 als
2385 3327 2634 3394 gewiihn-

1567 3397 1702 3448 liche
1734 3397 2106 3463 schulmiissige
2149 3397 2254 3449 und
2285 3396 2636 3448 ausfiihrliche

1567 3466 1729 3532 Topik
1764 3464 1823 3531 (S
1849 3463 2000 3530 175),
2037 3466 2261 3516 sondern
2295 3465 2371 3516 als
2408 3467 2519 3515 eine
2544 3464 2645 3515 auf

1568 3543 1826 3587 concreter
1857 3533 2145 3600 Erfahrung
2180 3531 2475 3584 beruhende
2508 3533 2639 3582 Dar-

1567 3602 1757 3667 legung
1768 3603 1857 3652 der
1867 3603 2170 3667 lebendigen
2182 3602 2397 3662 Quellen
2408 3601 2499 3652 des
2512 3616 2635 3651 ora-

1567 3669 1821 3721 torischen
1841 3669 2047 3722 Stoffes.
2071 3687 2142 3722 eoe
2164 3671 2309 3731 10013,
2335 3671 2429 3719 wie
2452 3667 2484 3735 S
2513 3667 2634 3719 152.

1632 3740 1685 3789 in
1731 3740 1924 3800 causis,
1980 3740 2033 3788 in
2083 3739 2183 3789 (100
2229 3737 2634 3789 verschiedenen

1564 3806 1930 3867 Rechtsfiillen,
1961 3805 1992 3869 §
2021 3805 2134 3857 130.

1629 3890 1757 3926 novo
1793 3876 2008 3940 quodam
2039 3876 2216 3939 moda,
2259 3873 2391 3925 Einl.
2419 3874 2442 3923 I
2475 3869 2509 3938 S
2545 3870 2633 3935 11,

1571 3952 1660 3992 112.
1688 3943 1950 4001 diviniws,
1977 3944 1999 3992 Ι
2022 3942 2105 4003 53,
2130 3952 2224 3992 227.

1638 4019 1729 4061 128.
1768 4011 2033 4063 orationis.
2079 4011 2172 4062 Die
2196 4008 2634 4060 zusammenstel-

1567 4078 1692 4142 lung
1732 4093 1833 4129 von
1869 4081 2027 4131 oratio
2067 4078 2173 4129 und
2212 4076 2430 4127 facultas
2471 4076 2635 4126 findet

1566 4146 1678 4195 sich
1702 4146 1831 4196 auch
1855 4161 1910 4212 p.
1940 4146 2092 4197 Arch.
2118 4144 2168 4208 6,
2204 4154 2251 4195 13
2293 4147 2431 4209 quod
2458 4161 2521 4194 ex
2546 4144 2627 4194 his

1565 4214 1750 4264 studiis
1785 4214 1911 4263 haec
1944 4229 2147 4279 quoque
2184 4216 2365 4264 crescit
2392 4215 2552 4262 oratio
2581 4220 2633 4262 et

1563 4281 1797 4334 facultas.
1856 4285 2026 4334 oratio
2058 4283 2134 4332 ist
2164 4281 2275 4330 hier
2305 4282 2389 4331 die
2413 4279 2628 4347 »praeh-
