2930 4693
420 424 491 479 60

417 1201 483 1251 61

417 1628 486 1681 62

534 252 617 319 28
1160 249 1258 312 DE
1290 248 1647 311 ORATORE
1675 247 1701 309 1
1738 248 1835 310 14.
1863 253 2128 307 60-62,

533 420 981 485 adsumendum.
1014 420 1247 493 Quaero
1277 419 1454 491 enim,
1481 437 1623 481 num
1654 420 1838 499 possit
1865 426 1967 480 aut
1988 425 2192 480 contra
2212 420 2636 498 imperatorem
2659 425 2763 480 aut

534 526 646 589 pro
673 509 1030 588 imperatore
1060 504 1178 565 dici
1207 505 1335 565 sine
1365 506 1454 564 rei
1483 503 1753 565 militaris
1780 519 1905 566 usu·
1934 511 2036 566 aut
2074 521 2250 584 saepe
2297 506 2472 566 etiam
2502 506 2632 565 sine
2661 521 2759 565 re·

534 594 775 673 gionum
805 592 1178 655 terrestrium
1207 598 1308 651 aut
1336 591 1767 651 maritimarum
1797 590 2070 661 scientia;
2117 608 2257 651 num
2288 588 2444 670 apud
2472 588 2762 670 populum

534 677 608 739 de
637 676 867 758 legibus
894 674 1170 738 iubendis
1199 682 1299 737 aut
1327 674 1615 745 vetandiS,
1651 693 1791 736 num
1819 677 1883 737 in
1912 683 2119 737 senatu
2148 675 2221 736 de
2251 675 2415 736 omni
2443 676 2535 735 rei
2562 672 2762 755 publi·

533 778 638 824 cae
681 781 903 843 genere
946 763 1064 823 dici
1105 762 1233 821 sine
1263 778 1493 821 summa
1524 777 1727 822 rerum
1757 759 2011 822 civilium
2043 762 2377 839 cognitione
2407 767 2469 821 et
2494 759 2761 840 prudeu-

532 849 643 920 tia;
699 867 840 910 num
884 847 1185 909 admoveri
1224 846 1410 925 possit
1437 846 1623 906 oratio
1654 845 1727 907 ad
1756 863 1967 908 sensus
1995 848 2324 908 animorum
2357 854 2533 926 atque
2561 851 2762 906 motus

532 933 624 994 vel
651 932 1107 995 inflammandos
1145 930 1239 991 vel
1271 931 1447 991 etiam
1481 931 1966 1010 exstinguendos,
2011 930 2166 1012 quod
2211 949 2393 992 unum
2425 932 2489 990 in
2519 937 2759 991 oratore

530 1018 896 1090 dominatur,
944 1019 1072 1079 sine
1118 1015 1564 1095 diligentissima
1609 1018 2101 1096 pervestigatione
2129 1034 2335 1077 earum
2366 1017 2629 1076 omnium
2662 1033 2758 1076 ra-

529 1105 789 1176 tionum,
832 1121 986 1184 quae
1025 1102 1100 1163 de
1141 1102 1369 1162 naturis
1397 1100 1640 1162 humani
1669 1103 1904 1181 generis
1934 1120 2002 1163 ac
2032 1100 2297 1163 moribus
2326 1120 2360 1162 a
2387 1098 2759 1181 philosophis

532 1187 922 1268 explicantur.
980 1188 1170 1269 Atque
1200 1185 1356 1248 haud
1387 1188 1511 1247 scio
1542 1204 1614 1246 an
1647 1188 1843 1249 minus
1873 1186 2037 1248 vobis
2067 1186 2181 1247 hoc
2221 1188 2331 1248 sim
2362 1185 2755 1265 probaturus:

531 1274 809 1355 equidem
842 1291 962 1334 non
1006 1270 1319 1341 dubitabo,
1373 1270 1532 1352 quod
1574 1274 1795 1344 sentio,
1830 1271 2047 1333 dicere.
2106 1271 2358 1352 Physica
2396 1272 2509 1333 ista
2538 1273 2671 1351 ipsa
2701 1277 2761 1331 et

530 1360 947 1421 mathematica
971 1366 1032 1420 et
1052 1376 1203 1438 quae
1222 1356 1420 1437 paullo
1443 1363 1579 1417 ante
1610 1364 1940 1418 ceterarum
1974 1357 2189 1418 artium
2217 1358 2460 1437 propria
2489 1356 2756 1435 posuisti,

529 1446 811 1506 scientiae
840 1451 982 1506 sunt
1009 1461 1232 1512 eorum,
1264 1443 1367 1522 qui
1393 1441 1494 1502 illa
1522 1442 1897 1522 profitentur;
1929 1441 2227 1503 illustrare
2257 1450 2455 1503 autem
2489 1443 2758 1503 oratione

528 1531 579 1592 si
609 1531 743 1611 quis
781 1530 924 1592 istas
962 1531 1121 1610 ipsas
1150 1534 1308 1588 artes
1353 1526 1519 1597 velit,
1575 1526 1650 1587 ad
1680 1529 1932 1589 oratoris
1972 1528 2028 1588 ei
2058 1527 2517 1606 confugiendum
2550 1533 2642 1588 est
2671 1527 2757 1599 fa·

530 1615 827 1678 cultatem.
898 1615 1103 1694 Neque
1134 1614 1322 1682 enim,
1369 1614 1421 1674 si
1447 1610 1759 1674 Philonem
1799 1611 1966 1675 illum
1997 1613 2414 1684 architectum,
2447 1613 2550 1693 qui
2577 1612 2758 1673 Athe·

529 1701 836 1762 aiensibus
859 1699 1381 1762 armamentarium
1405 1696 1564 1767 fecit,
1591 1705 1822 1759 constat
1842 1698 2172 1778 perdiserte
2196 1696 2414 1778 populo
2461 1698 2760 1758 rationem

529 1788 729 1867 operis
769 1787 862 1847 sui
890 1784 1222 1854 reddidise,
1275 1781 1732 1845 existimandum
1784 1791 1875 1844 est
1916 1783 2224 1844 architecti
2264 1784 2462 1863 potius
2505 1782 2759 1843 artificio

527 1870 845 1943 disertum,
889 1888 1066 1951 quam
1113 1870 1367 1930 oratoris
1395 1868 1596 1930 fuisse.
1655 1868 1794 1940 Nec,
1828 1871 1879 1930 si
1908 1868 2046 1929 huic
2074 1868 2152 1930 M.
2182 1869 2436 1930 Antonio
2466 1886 2576 1948 pro
2605 1867 2759 1928 Her·

526 1955 775 2017 modoro
805 1955 1015 2017 fuisset
1045 1954 1117 2015 de
1147 1951 1435 2014 navalium
1468 1972 1649 2032 opere
1680 1954 2013 2023 dicendum,
2045 1971 2184 2023 non,
2216 1971 2352 2015 cum
2382 1952 2455 2013 ab
2483 1951 2586 2014 illo
2621 1970 2759 2013 cau·

526 2059 652 2102 sam
685 2040 1013 2111 didicisset,
1058 2041 1187 2119 ipse
1231 2044 1437 2100 ornate
1481 2038 1553 2099 de
1596 2038 1789 2100 alieno
1830 2038 2077 2100 artificio
2108 2039 2461 2119 copioseque
2492 2038 2757 2099 dixisset.

524 2126 733 2204 Neque
773 2144 914 2190 vcro
953 2123 1358 2204 Asclepiades,
1404 2124 1456 2183 is
1495 2142 1612 2204 quo
1653 2143 1763 2186 nos
1804 2123 2035 2185 medico
2079 2125 2384 2204 amicoque
2416 2124 2505 2185 usi
2533 2141 2757 2194 sumna,

524 2213 627 2292 qui
678 2218 803 2272 tum
845 2209 1180 2290 eloquentia
1228 2207 1503 2270 vincebat
1531 2215 1762 2272 ceteros
1791 2209 2053 2272 medicos
2077 2256 2092 2280 ‚
2147 2211 2212 2270 in
2263 2227 2334 2271 eo
2385 2211 2544 2290 ipso,
2595 2207 2759 2289 quod

525 2303 733 2360 ornate
776 2294 1039 2367 dicebat,
1094 2294 1421 2357 medicinae
1474 2293 1747 2357 facultate
1798 2293 2072 2357 utebatur
2128 2293 2279 2378 [non
2327 2289 2757 2379 eloquentiae}

525 2516 676 2576 dnm
701 2517 821 2567 aber
836 2518 910 2568 ad
921 2516 1059 2567 kann
1077 2516 1189 2567 hier
1206 2516 1345 2567 nicht
1360 2516 1457 2567 wol
1483 2523 1594 2566 ent-

522 2584 670 2636 behrt
693 2586 897 2636 werden
932 2584 982 2650 (Ι
1004 2583 1098 2645 29,
1125 2593 1225 2644 133;
1250 2583 1340 2648 37,
1369 2594 1469 2645 170;
1502 2584 1590 2648 50,

522 2651 1090 2718 217355‚23631110‚3s;
1113 2652 1593 2719 17‚71);oftkommt

522 2721 656 2772 auch
688 2723 739 2772 in
777 2723 878 2772 den
901 2723 1069 2773 causis
1094 2722 1281 2776 furens.
1320 2730 1476 2772 etwas
1500 2735 1593 2772 vor

522 2787 631 2855 (est
652 2788 890 2855 aliquid),
925 2805 1032 2841 was
1056 2805 1151 2840 aus
1176 2791 1341 2839 einem
1365 2791 1590 2840 anderen

523 2857 936 2922 Wissensgebiet
961 2857 1212 2907 entlehnt
1229 2856 1281 2923 (Ι
1298 2855 1382 2917 46,
1403 2866 1478 2907 201
1500 2858 1587 2907 de·

558 2924 829 2989 romenda)
850 2925 956 2975 und
983 2942 1046 2975 zu
1069 2925 1185 2975 dem
1209 2924 1592 2990 gewiihnlichen

520 2941 868 3044 porensischen
893 2994 1100 3043 Wissen
1123 2992 1400 3059 gleichsam
1425 2993 1588 3044 biili's·

521 3062 678 3111 weise
695 3061 829 3111 noch
845 3060 956 3111 hin
971 3077 1044 3111 zu
1060 3075 1362 3126 genommen
1385 3062 1590 3112 werden

522 3145 685 3182 musa.
712 3131 756 3180 II
781 3127 876 3192 69,
902 3138 978 3180 163
1002 3129 1204 3179 adsumi
1229 3129 1370 3180 foris:
1408 3129 1491 3181 Or.
1504 3129 1587 3193 32,

524 3206 599 3249 113
614 3198 739 3248 Esse
749 3198 907 3263 igitur
917 3196 1139 3264 perfecte
1150 3197 1430 3259 eloquentis
1443 3207 1585 3264 puto,

524 3279 627 3316 nou
676 3280 785 3315 eam
832 3266 997 3316 solum
1046 3265 1337 3316 facultatem
1383 3265 1587 3330 habere,

522 3349 653 3399 quae
671 3335 737 3384 sit
761 3333 871 3384 eius
895 3335 1123 3401 propria,
1148 3333 1264 3385 fuse
1285 3334 1486 3399 lateque
1509 3335 1585 3385 di·

521 3402 699 3465 cendi,
734 3402 827 3453 sed
864 3403 1013 3453 etiam
1046 3403 1266 3452 vicinam
1301 3403 1408 3453 eius
1433 3412 1585 3468 atque

520 3470 786 3521 finitimam
811 3470 1190 3522 dialecticorum
1208 3471 1475 3521 scientiam
1494 3472 1588 3522 ad-

517 3555 731 3590 sumere.

590 3616 657 3658 60.
685 3609 749 3658 de
768 3606 900 3659 omni
912 3606 1235 3672 reipublicae
1249 3622 1439 3674 genere
1463 3608 1589 3662 fiber

521 3675 621 3725 alle
646 3674 816 3725 Seiten
841 3675 933 3724 des
959 3673 1328 3726 Staatslebens.

590 3744 875 3808 cognitione
893 3741 1107 3793 theoret.
1128 3743 1590 3810 Erkeuntnisfflru-

524 3812 700 3862 dentia
723 3809 1040 3877 praktisches
1062 3811 1419 3862 Verstfindnis.

522 3947 568 3997 ιι
591 3881 895 4010 ΞΞἽἜῘΞἪῨ
918 3876 1416 4010 ξὲῗΐέἑῖᾟωὶἷίῗ·
1442 3878 1586 4004 Βῖἴιῗί

524 4012 619 4073 70,
645 4023 721 4064 279
756 4015 880 4075 Quis
905 4016 1037 4065 enim
1066 4031 1165 4065 non
1191 4015 1431 4080 fateatur,
1471 4032 1587 4066 cum

527 4095 592 4130 ex
629 4083 862 4132 omnibus
897 4084 1108 4133 oratoris
1149 4084 1387 4134 laudibus
1434 4084 1587 4151 longe

522 4147 624 4195 ista
662 4147 728 4196 sit
761 4150 1007 4214 maxima,
1043 4152 1355 4202 inflammare
1388 4153 1587 4202 animos

524 4212 839 4263 audientium
864 4224 914 4265 et
936 4231 1236 4282 quocunque
1260 4235 1341 4270 res
1365 4219 1592 4285 postulet

525 4279 679 4332 modo
705 4280 933 4344 flectere,
971 4286 1060 4347 qui
1081 4284 1177 4334 hac
1202 4287 1384 4338 virtute
1410 4303 1590 4339 carue-

1690 2516 1779 2635 ἷὶι,
1822 2517 1876 2567 id
1911 2517 1955 2567 ei
1991 2518 2128 2582 quod
2162 2518 2443 2569 maximum
2476 2515 2633 2567 fuerit
2666 2517 2758 2568 de—

1713 2585 1886 2636 uisse?

1759 2661 1826 2703 61.
1865 2653 2036 2719 Atque
2070 2661 2163 2703 etc.
2210 2652 2377 2704 Damit
2416 2653 2515 2703 will
2543 2652 2758 2704 Crassus

1694 2721 1779 2772 die
1803 2721 2029 2773 Zuhiirer
2051 2721 2145 2770 auf
2164 2721 2247 2770 die
2272 2722 2646 2787 nacbi'olgende
2664 2721 2755 2771 Be-

1691 2789 1983 2855 hauptung‚
2012 2789 2095 2839 die
2121 2797 2274 2840 etwas
2297 2801 2496 2857 gewagt
2513 2788 2758 2840 scheinen

1693 2858 1884 2907 konnte
1899 2897 1913 2920 ‚
1937 2857 2273 2908 vorbereiten.

1758 2928 2003 2977 scientiae
2041 2926 2156 2976 sind
2188 2924 2349 2975 ihrem
2382 2924 2591 2976 Inhalt
2625 2924 2758 2976 nach

1694 2993 2049 3059 Gegeustiinde
2073 2994 2162 3043 des
2184 2993 2547 3045 Fachwissens.

1758 3071 1826 3112 62.
1863 3064 2082 3127 artificio
2114 3062 2247 3111 kraft
2285 3063 2452 3113 seiner
2485 3061 2758 3113 Kunstfer-

1688 3130 1869 3196 tigkeit
1886 3131 1991 3180 und
2009 3129 2333 3180 technischen
2356 3131 2602 3180 Kenntnis
2627 3127 2756 3195 373.

1758 3198 1837 3252 Μ.
1872 3198 2150 3268 Antonio„
2174 3199 2264 3247 der
2306 3200 2363 3265 jv.
2409 3198 2630 3249 ohnehin
2679 3199 2756 3249 als

1688 3265 1930 3317 Feldherr
1961 3267 2029 3316 im
2064 3266 2308 3333 Seeluieg
2343 3281 2455 3317 vom
2481 3267 2753 3317 Seewesen

1689 3342 1841 3384 etwas
1865 3334 2130 3386 verstehen
2158 3340 2371 3386 musste.
2416 3335 2545 3385 Einl.
2572 3336 2596 3385 1
2618 3331 2651 3401 S
2674 3335 2754 3386 ll.

1752 3472 1836 3521 usi
1848 3486 2029 3534 sumus,
2059 3470 2397 3537 Asklepiades
2409 3485 2513 3522 war
2529 3470 2643 3522 also
2654 3470 2760 3522 wol-

1687 3538 1882 3590 damals
1910 3538 2046 3589 nicht
2067 3539 2213 3589 mehr
2235 3554 2316 3590 am
2340 3540 2529 3592 Leben.

1757 3610 1844 3673 qui
1866 3614 1965 3658 tum
1982 3633 2048 3644 —
2066 3622 2124 3658 so
2149 3609 2214 3658 ist
2239 3608 2367 3658 nach
2394 3610 2490 3659 den
2517 3607 2596 3658 bs.
2621 3607 2757 3675 Spu-

1687 3690 1774 3724 ren
1806 3692 1870 3726 zu
1895 3676 2032 3727 lesen
2055 3675 2183 3741 (Eri.
2205 3676 2330 3727 Ihat
2346 3674 2508 3742 tum);
2534 3676 2754 3727 dieVul·

1687 3743 1931 3808 gatlesart
1959 3759 2074 3794 cum
2098 3745 2332 3796 vincebat
2364 3746 2431 3795 ist
2456 3744 2757 3795 schwerlich

1686 3811 1895 3878 richtig;
1935 3812 2069 3863 deun
2093 3813 2169 3863 als
2195 3813 2397 3864 causale
2418 3816 2612 3864 miisste
2638 3827 2755 3863 cum

1691 3880 1788 3931 den
1813 3881 1947 3931 coni.
1986 3882 2067 3931 bei
2092 3881 2198 3931 sich
2223 3881 2412 3944 haben,
2451 3882 2527 3932 als
2551 3893 2755 3947 tempo-

1684 3948 1791 3998 rale
1809 3950 1941 4014 gabe
1966 3964 2019 4000 es
2040 3950 2223 4000 keiuen
2241 3949 2595 4015 veruiini'tigen
2608 3949 2756 4001 Sinn.

1687 4023 1787 4135 {u5m
1827 4013 1858 4084 S
1892 4017 1978 4068 25.
2012 4016 2097 4069 93.
2132 4018 2247 4069 225.
2283 4016 2402 4071 228.
2463 4019 2510 4068 11
2544 4017 2637 4079 21,
2673 4026 2755 4079 89;

1767 4123 1780 4146 ,
1809 4094 1895 4135 106.

1753 4150 1886 4217 [non
1905 4151 2252 4220 eloquentiae]
2266 4155 2333 4205 ist
2352 4153 2515 4204 sicher
2533 4155 2613 4204 eiu
2635 4158 2758 4220 spa·

1688 4228 1821 4270 terer
1855 4222 2066 4282 Zusatz‚
2102 4223 2192 4272 der
2227 4238 2341 4273 vom
2376 4223 2523 4272 Rand
2557 4224 2609 4272 in
2653 4223 2756 4274 den

1690 4290 1820 4339 Text
1854 4291 2156 4355 gekommen
2191 4291 2284 4352 ist3
2324 4292 2457 4341 deun
2493 4304 2593 4343 non
2623 4292 2756 4344 nach
