2930 4693
919 234 1398 295 ERKLKRENDE
1444 230 1751 296 mmCES.

207 417 316 454 von
342 402 561 472 Smyrna
582 402 831 468 getodtet.
875 402 1016 454 Brut.
1041 400 1125 466 26,
1150 411 1202 455 98
1223 403 1283 454 Ρ.

210 470 455 522 Crassum
502 472 653 521 valde
709 472 977 536 probatum
1036 483 1286 522 oratorem

210 539 409 589 eisdem
453 538 560 588 fere
610 538 929 605 temporibus
976 536 1056 604 (d.
1091 538 1145 593 h.
1194 540 1287 589 der

210 605 503 670 Gracchen)
529 607 849 673 accepimus,
883 606 971 670 qui
996 615 1046 656 et
1080 607 1285 671 ingenio

208 674 372 724 valuit
412 682 461 723 et
507 674 679 724 studio
722 683 772 723 et
818 674 995 724 habuit
1036 674 1285 738 quasdam

208 743 363 791 etiam
389 742 696 791 domesticas
720 742 1035 806 disciplinas.
1082 741 1212 791 Nam
1235 750 1287 790 et

207 824 330 859 cum
354 824 555 860 summo
591 809 677 858 illo
714 820 935 871 oratore,
972 808 1086 860 Ser.
1104 808 1282 871 Galba,

205 878 357 926 cuius
369 875 495 926 Gaio
519 876 621 927 filio
647 875 802 926 filiam
829 891 976 927 suam
999 876 1285 927 collocave-

204 951 304 1003 rat,
330 944 579 994 affinitate
598 958 715 995 sese
733 945 1052 1006 devinxerat,
1078 954 1144 1005 et,
1170 959 1286 994 cum

211 1019 358 1061 esset
377 1012 434 1063 P.
457 1011 610 1072 Mucii
634 1011 771 1061 filius
795 1011 1106 1075 fratremque
1129 1010 1284 1063 habe-

202 1087 286 1127 ret
295 1079 354 1128 P.
368 1077 683 1139 Scaevolam,
696 1079 834 1130 domi
844 1079 926 1129 ius
938 1079 1083 1128 civile
1095 1093 1286 1144 cogno-

200 1154 370 1197 verat.
431 1148 489 1196 In
514 1160 573 1196 eo
599 1146 901 1196 industriam
924 1154 1122 1197 constat
1140 1161 1287 1197 sum-

201 1227 343 1262 mam
356 1213 518 1264 fnisse
527 1215 902 1276 maximamque
922 1215 1151 1278 gratiam,
1162 1229 1279 1264 cum

203 1290 262 1330 et
285 1281 636 1331 consuleretur
658 1282 930 1347 plurimum
957 1289 1007 1330 et
1024 1282 1233 1333 diceret.

276 1346 342 1399 P.
356 1344 608 1400 Licinius
620 1347 860 1401 Crassus
883 1347 1023 1406 1113,
1051 1358 1101 1400 to
1123 1350 1281 1399 Vater
1319 1389 1324 1395 .

201 1415 302 1465 des
326 1416 593 1478 Triumvir‚
620 1415 808 1467 Consul
832 1417 903 1466 im
925 1416 973 1467 J.
996 1414 1083 1477 97,
1108 1418 1282 1483 spater-

199 1483 279 1533 im
326 1481 938 1548 Bundesgenossenkrieg
982 1483 1141 1549 Legat
1187 1484 1279 1534 des

204 1548 431 1600 Oonsuls
454 1550 514 1601 L.
538 1550 706 1602 Julius
732 1551 919 1601 Caesar
943 1550 1124 1602 Strabo
1139 1588 1155 1613 ,
1190 1552 1283 1600 mit

201 1618 327 1667 dem
355 1631 408 1667 er
431 1617 560 1667 auch
601 1619 671 1668 im
696 1619 743 1669 J.
768 1616 838 1668 89
861 1619 944 1668 die
970 1619 1167 1670 Censur
1190 1619 1282 1668 be-

200 1684 449 1736 kleidete.
486 1684 607 1735 Scin
619 1685 729 1735 Tod
750 1684 865 1754 (filit
886 1686 939 1735 in
960 1686 1051 1737 das
1064 1685 1284 1737 Schrek·

199 1751 456 1815 kensjahr
477 1751 562 1803 87.
602 1752 696 1803 Um
724 1752 864 1802 nicht
887 1753 987 1803 den
1000 1754 1282 1804 Marianern

198 1820 258 1870 in
277 1819 364 1869 die
387 1819 566 1869 Hiinde
592 1835 658 1869 zu
675 1819 850 1882 fallen,
876 1820 1072 1870 todtete
1095 1833 1150 1869 er
1172 1820 1283 1870 sich

199 1886 372 1937 selbst
389 1886 498 1936 und
522 1886 626 1937 Cic.
650 1901 747 1952 pro
765 1886 899 1937 Sest.
932 1887 1016 1945 21,
1040 1896 1094 1937 48
1127 1889 1285 1953 preist

194 1952 298 2003 ihu
329 1953 538 2003 darum:
597 1952 932 2004 fortissimum
974 1955 1138 2005 virum
1153 1992 1170 2019 ,
1220 1969 1284 2004 ne

194 2020 407 2071 videret
430 2021 674 2071 victorem
699 2022 847 2071 vivus
869 2022 1131 2072 inimicum
1147 2058 1164 2085 ‚
1190 2036 1278 2071 ea-

197 2088 325 2138 dem
350 2088 450 2138 sibi
471 2101 626 2140 manu
651 2089 806 2138 vitam
830 2088 1152 2151 exhausisse,
1180 2104 1280 2151 qua

196 2161 421 2204 mortem
448 2169 606 2218 saepe
628 2154 863 2214 hostibus
887 2157 1174 2207 obtulisset.
1210 2183 1278 2193 —-

196 2222 381 2272 Aelter
397 2222 473 2270 als
498 2223 599 2272 alle
622 2223 765 2274 diese
788 2225 882 2273 ist:

273 2287 339 2340 P.
354 2285 610 2341 Licinius
624 2289 863 2341 Crassus
882 2290 996 2356 (ille
1006 2288 1188 2356 vetus)
1208 2291 1279 2341 111

198 2354 292 2418 33,
322 2365 412 2417 134,
450 2357 689 2407 Pontifex
722 2360 977 2411 maximus
1001 2362 1069 2409 im
1103 2361 1150 2411 J.
1178 2359 1281 2409 212

196 2439 254 2475 v.
285 2422 420 2482 chr„
448 2424 640 2476 Consul
665 2427 757 2475 mit
780 2427 896 2477 dem
922 2426 1085 2477 alteru
1106 2426 1278 2490 Scipio

197 2491 277 2540 im
302 2491 349 2541 J.
375 2490 493 2550 205,
518 2503 648 2557 gest.
670 2495 756 2543 im.
783 2494 833 2544 J.
862 2492 977 2545 183.
1004 2493 1115 2544 Liv.
1127 2493 1282 2543 XXX

199 2558 255 2619 1,
282 2567 309 2608 5
328 2561 587 2624 congestis
612 2561 849 2611 omnibus
871 2561 1109 2611 humanis
1131 2576 1164 2610 a
1187 2575 1281 2611 na·

200 2635 321 2676 tura
344 2625 649 2689 fortunaque
684 2629 829 2679 bonis
856 2628 1036 2679 nobilis
1060 2629 1195 2678 idem
1217 2643 1279 2678 ac

203 2695 350 2745 dives
371 2704 504 2754 erat,
539 2695 706 2744 forma
727 2696 1026 2758 viribusque
1050 2696 1278 2760 corporis

206 2760 514 2821 excellebat,
562 2761 963 2814 facundissimus
998 2762 1280 2813 habebatur

202 2843 301 2880 seu
323 2842 480 2880 causa
512 2830 727 2890 oranda,
771 2845 865 2881 seu
889 2832 943 2881 iu
965 2840 1177 2894 senatu,
1211 2830 1281 2879 ad

199 2895 453 2960 populum
476 2898 728 2947 suadendi
751 2912 811 2946 ac
836 2898 1170 2949 dissuadendi
1198 2897 1278 2947 lo·

202 2978 299 3015 cus
315 2975 469 3023 esset,
494 2965 620 3014 iuris
644 2964 891 3030 pontificii
909 2966 1277 3031 peritissimum

203 3045 363 3096 super
406 3030 533 3080 llaec
581 3032 794 3083 bellicae
852 3047 1053 3097 quoque
1098 3033 1278 3083 laudes

202 3098 503 3149 consulatus
528 3106 816 3165 compotem
846 3100 1092 3151 fecerant.
1130 3099 1278 3151 Auch

205 3166 315 3217 Cat.
341 3167 461 3216 mai.
494 3164 545 3226 9,
570 3176 626 3224 2⁸1⁴
655 3168 782 3218 wird
811 3182 865 3218 er
888 3169 958 3217 im
980 3169 1169 3218 Verein
1186 3170 1279 3218 mit

203 3232 329 3284 Sex.
368 3234 546 3283 Aelius
587 3249 640 3284 u.
678 3235 753 3287 Ti.
790 3235 1141 3287 Coruncanius
1182 3250 1275 3300 ge-

200 3308 382 3360 nennt,
407 3315 440 3351 a
463 3302 652 3362 quibus
676 3303 787 3352 iura
809 3303 1007 3353 civibus
1031 3304 1281 3368 praescri·

200 3369 470 3419 bebantur.
492 3368 618 3419 ibid.
647 3368 738 3429 14,
763 3378 815 3419 50
839 3369 971 3429 Quid
1006 3371 1071 3419 de
1105 3370 1163 3420 P.
1188 3368 1276 3418 Li·

200 3435 323 3485 cinii
350 3435 519 3487 Crassi
543 3444 593 3484 et
615 3436 862 3501 pontificii
884 3447 936 3487 et
958 3437 1125 3487 civilis
1149 3437 1277 3487 iuris

199 3503 374 3554 studio
397 3502 611 3567 loquar?

267 3567 492 3622 Licinia
510 3572 582 3621 111
601 3571 652 3633 2,
671 3579 697 3620 s
716 3571 808 3622 des
818 3571 1048 3623 Redners
1061 3570 1276 3623 Crassus

196 3637 312 3689 und
342 3637 435 3693 du·
459 3638 627 3688 Mucia
656 3638 897 3701 Toehter‚
934 3639 1151 3690 Eukelin
1186 3640 1278 3690 der

197 3704 347 3756 Latia
369 3705 475 3755 und
498 3705 590 3755 des
615 3707 795 3770 Augur
820 3707 1018 3758 Mucius
1044 3705 1274 3765 Seivola,

198 3787 307 3823 war
339 3772 435 3821 mit
465 3771 525 3822 P.
551 3771 726 3839 Scipio
750 3774 936 3825 Nasica
967 3774 1159 3838 (Eukel
1183 3775 1275 3824 des

201 3837 446 3905 Serapio)
469 3841 707 3891 vermilt.

270 3903 527 3958 Licinius
551 3906 833 3968 11160,225.
871 3910 929 3959 In
946 3908 1168 3958 anderen
1181 3908 1273 3959 Hs.

199 3973 271 4023 ist
314 3973 405 4023 der
435 3972 595 4023 Name
635 3974 884 4040 Erycinus
917 3973 1274 4041 geschrieben,

199 4039 428 4090 weshalb
452 4055 570 4091 man
596 4051 848 4093 vei-mutet
869 4041 978 4104 hat,
1001 4044 1123 4093 dass
1136 4043 1275 4093 diess

202 4108 319 4159 sein
342 4108 670 4172 cigentlicher
693 4109 921 4160 friiherer
944 4110 1134 4173 Name‚
1173 4110 1274 4161 den

201 4189 257 4224 er
287 4175 365 4225 im
401 4173 770 4227 Sclavenstand
802 4176 996 4239 fiihrte,
1036 4192 1274 4243 gewesen

200 4243 306 4305 sei,
341 4243 464 4295 dass
487 4258 542 4294 er
565 4246 690 4295 aber
712 4242 840 4295 nach
865 4246 1033 4296 seiner
1057 4244 1271 4296 Freilas·

2337 244 2473 309 349

1388 418 1540 469 sung,
1561 418 1665 454 von
1687 402 1898 464 Licinia,
1926 405 2015 455 der
2032 403 2262 456 Gemalin
2288 408 2380 458 des
2407 407 2466 460 G.

1388 469 1676 531 Gracchus,
1711 472 1812 521 den
1835 471 2029 522 Numen
2052 472 2280 524 Licinius
2304 489 2468 542 ange-

1388 554 1626 590 nommen
1650 538 1799 591 habe.
2460 581 2467 588 .

1455 606 1535 657 Μ.
1562 603 1762 659 Livius
1786 604 2079 659 Salinator
2101 607 2251 669 1157,
2274 618 2350 659 273
2375 610 2475 660 ‹ler

1389 675 1484 724 mit
1518 673 1573 725 C.
1602 673 1846 724 Claudius
1882 675 2012 725 Nero
2052 675 2149 725 den
2175 675 2472 727 Hasdrubal

1388 756 1473 791 am
1497 742 1758 792 Metaurus
1783 743 2007 807 besiegte
2032 744 2101 792 im
2127 743 2174 793 J.
2201 741 2320 793 206.
2348 744 2470 794 Liv.

1388 809 1587 859 XXVII
1610 809 1678 860 25
1699 810 1774 859 De
1799 811 1863 860 M.
1878 809 2024 861 Livio
2048 810 2306 876 praefecto
2331 812 2473 863 arcis

1387 877 1694 926 Tarentinae
1749 876 1888 927 haud
1933 879 2132 931 minore
2187 880 2473 930 certamine

1388 952 1558 994 actum
1583 953 1662 994 est
1695 940 1792 1008 (im
1817 945 1865 995 J.
1890 942 2039 1009 208),
2074 945 2190 996 aliis
2224 954 2469 996 senatus-

1389 1012 1622 1062 consulto
1647 1013 1942 1063 notantibus
1965 1012 2297 1078 praefectum,
2324 1015 2468 1076 quod

1390 1081 1502 1129 eius
1520 1079 1752 1130 socordia
1762 1079 2035 1134 Tarentum
2052 1081 2307 1146 proditum
2327 1081 2469 1133 hosti

1390 1156 1552 1206 esset,
1578 1207 1587 1214 ⁸
1619 1146 1736 1197 aliis
1783 1148 2010 1213 praemia
2055 1148 2473 1212 decernentibus,

1382 1214 1521 1276 quod
1543 1229 1634 1279 per
1652 1215 2060 1278 quinquennium
2077 1230 2243 1266 arcem
2264 1223 2466 1266 tutatus

1382 1284 1862 1345 esset‚maximeque
1871 1283 2026 1333 unius
2038 1297 2193 1348 opera
2204 1295 2467 1349 receptum

1382 1350 1655 1400 Tarentum
1700 1348 1861 1415 foret,
1908 1350 2093 1401 mediis
2147 1351 2473 1402 adcensores

1382 1431 1487 1467 non
1511 1417 1579 1467 ad
1603 1425 1836 1466 senatum
1873 1418 2134 1468 notionem
2167 1417 2232 1467 de
2257 1432 2317 1468 eo
2341 1433 2464 1483 per·

1383 1484 1546 1534 tinere
1569 1484 1884 1547 dicentibus,
1920 1485 2066 1535 cuius
2105 1486 2388 1535 sententiae
2412 1492 2469 1536 et

1385 1552 1573 1602 Fabius
1607 1549 1728 1609 fuit3
1783 1552 1972 1604 adiecit
2006 1562 2176 1602 tamen
2217 1551 2364 1602 fateri
2406 1567 2471 1603 se·

1387 1633 1543 1684 opera
1564 1619 1698 1669 Livii
1720 1619 1993 1669 Tarentum
2015 1629 2296 1685 receptum,
2324 1620 2470 1683 quod

1386 1687 1538 1737 amici
1563 1687 1674 1736 eius
1701 1687 1854 1751 vulgo
1879 1688 1929 1735 iu
1958 1696 2140 1737 senatu
2169 1687 2474 1749 iactassent,

1387 1769 1554 1817 neque
1578 1755 1711 1803 enim
1734 1754 2084 1819 recipiundum
2103 1753 2269 1805 fuisse
2293 1754 2391 1819 (im
2410 1755 2460 1804 J.

1384 1819 1533 1885 209),
1570 1822 1671 1872 nisi
1693 1823 1938 1872 amissum
1961 1821 2094 1871 foret
2121 1820 2216 1887 (im
2241 1822 2290 1873 J.
2314 1819 2463 1887 212).

1386 1888 1498 1939 Cat.
1541 1890 1661 1940 mai.
1704 1889 1766 1949 4,
1802 1898 1849 1940 11
1891 1890 2170 1940 Tarentum
2204 1904 2325 1939 vero
2362 1904 2472 1951 qua.-

1385 1956 1679 2022 vigilantia,
1727 1971 1828 2020 quo
1852 1957 2064 2007 consilio
2089 1958 2308 2022 recepit!
2345 1972 2471 2006 cum·

1381 2024 1588 2087 quidem
1613 2022 1913 2086 Salinatori,
1949 2026 2037 2089 qui
2057 2026 2242 2076 amisso
2267 2026 2473 2090 oppido

1378 2092 1593 2158 fugerat
1612 2093 1665 2141 in
1676 2108 1862 2148 arcem,
1874 2091 2111 2155 glorianti
2121 2102 2275 2154 atque
2293 2092 2364 2141 ita
2380 2093 2464 2141 di-
2559 2133 2566 2140 .

1380 2160 1544 2209 centi=
1562 2159 1694 2209 ‘mea
1703 2156 1878 2224 opera’
1891 2159 2372 2219 Q.Fabi,Tarentum
2384 2174 2469 2208 rc·

1380 2227 1600 2293 cepisti,'
1622 2224 1793 2276 ‘certe'
1826 2226 1994 2286 inquit
2010 2226 2200 2288 ridens,
2227 2240 2344 2275 nam
2363 2226 2471 2277 nisi

1380 2301 1438 2343 tu
1460 2293 1745 2354 amisisses,
1771 2306 2050 2355 numquam
2066 2290 2416 2360 recepissem.’

1449 2360 1566 2411 loci
1609 2376 1962 2420 communes,
2012 2360 2323 2412 oratorische
2358 2362 2470 2413 Gew

1383 2427 2152 2494 meinplitze,bervorragende,
2208 2429 2468 2480 liuzende

1385 2495 1595 2554 Stellen,
1622 2496 1707 2546 die
1727 2520 1797 2531 -—
1820 2510 1968 2545 wenn
1992 2496 2069 2546 sie
2091 2510 2187 2546 auc
2241 2497 2311 2547 im
2334 2512 2471 2561 eng—

1385 2574 1497 2613 sten
1523 2561 1968 2627 Zusammenhaug
1987 2564 2080 2613 mit
2112 2563 2227 2613 dem
2254 2562 2461 2615 Gedan-

1380 2632 1620 2695 hengang
1630 2628 1829 2694 stehen,
1840 2628 2106 2681 innerhalb
2118 2631 2306 2682 desseu
2317 2632 2392 2680 sie
2405 2632 2465 2681 in

1382 2696 1473 2748 d'er
1491 2698 1634 2748 Rede
1656 2698 1990 2748 vorkommen
2002 2723 2066 2734 —-
2080 2698 2211 2749 doch
2225 2698 2462 2763 augleicln

1379 2779 1439 2815 so
1476 2765 1802 2830 allgemeiuer
1835 2765 1992 2815 Natur
2032 2765 2178 2826 sind,
2220 2767 2340 2815 dass
2381 2767 2467 2817 sie

1379 2831 1512 2881 auch
1529 2833 1583 2881 iu
1599 2831 1766 2881 vielen
1784 2833 1978 2882 andern
1997 2833 2174 2885 Pallen
2189 2848 2462 2900 angewen-

1381 2900 1469 2949 det
1498 2900 1703 2949 werden
1737 2900 1960 2951 konnen.
2025 2902 2096 2951 lll
2119 2902 2203 2961 27,
2227 2910 2304 2953 400
2330 2901 2366 2952 f.
2394 2904 2463 2952 de

1382 2968 1490 3020 inv,
1518 2969 1564 3018 Il
1592 2966 1671 3027 15,
1695 2975 1749 3018 48
1771 2967 1825 3017 ff.
1874 2968 2012 3018 Haec
2037 2983 2157 3034 ergo
2181 2983 2463 3034 argumen-

1382 3045 1459 3097 ta,
1505 3049 1638 3098 quae
1671 3035 1933 3086 transferri
1967 3037 2019 3085 ln
2051 3038 2238 3088 multas
2273 3052 2464 3088 causas»

1381 3112 1625 3168 possunt,
1652 3105 1792 3154 locos
1814 3120 2094 3155 commiss
2117 3105 2458 3155 nominamus.

1382 3170 1513 3220 Nam
1547 3169 1690 3220 locus
1728 3172 2019 3221 communis
2051 3179 2139 3221 aut
2168 3179 2344 3221 certae
2376 3173 2463 3222 rei

1381 3237 1639 3299 quandam
1663 3238 1891 3287 continet
1913 3239 2374 3302 amplificationem,
2400 3246 2463 3288 ut

1381 3306 1428 3354 si
1446 3306 1535 3366 qui
1552 3302 1648 3353 hoc
1669 3303 1791 3353 velit
1806 3304 2096 3364 ostendere,
2120 3319 2239 3354 enm
2260 3306 2347 3366 qui
2366 3319 2457 3369 pa-

1379 3381 1577 3421 rentem
1595 3371 1806 3433 necarit,
1820 3372 2044 3420 maximo
2063 3371 2318 3438 supplicio
2338 3385 2454 3421 esse

1380 3439 1592 3503 dignum
1611 3435 1734 3500 (quo
1752 3437 1864 3488 loco
1883 3440 1985 3488 πίει·
1998 3445 2235 3503 perorata
2258 3446 2309 3487 et
2327 3454 2455 3503 pro-

1379 3507 1503 3556 bata
1525 3521 1683 3556 emsa
1702 3518 1805 3555 non
1827 3513 1907 3555 est
1932 3504 2219 3568 utendum),
2243 3514 2332 3555 aut
2351 3504 2456 3557 'du-

1378 3575 1512 3637 biae,
1540 3586 1672 3635 quae
1690 3586 1757 3621 ex
1772 3572 2025 3623 contrario
2044 3587 2251 3636 quoque
2268 3572 2458 3624 habeat

1377 3640 1670 3707 probabiles
1702 3640 1926 3691 rationes
1950 3641 2369 3705 argumentandi,
2397 3648 2456 3690 ut

1376 3707 1763 3774 suspicionibus
1786 3708 1924 3758 credi
1947 3717 2182 3773 oportere
2205 3717 2255 3758 et
2277 3717 2456 3758 contra·

1378 3775 1765 3841 suspicionibus
1787 3775 1925 3825 credi
1950 3789 2053 3826 nou
2077 3785 2327 3842 oportere.
2376 3775 2459 3824 Ac

1376 3843 1736 3908 parslocorum
1747 3842 2095 3893 communium
2110 3855 2202 3907 per
2218 3844 2456 3906 ίηάίριιαο·

1379 3912 1565 3961 tionem
1588 3917 1676 3958 aut
1697 3924 1791 3974 per
1814 3912 2225 3976 conquestionem
2248 3909 2450 3958 induci-

1376 3986 1474 4037 tur,
1494 3991 1612 4042 pars
1631 3990 1725 4043 per
1741 3977 1962 4041 aliquam
1977 3977 2293 4041 probabilem
2308 3982 2456 4025 utra·

1376 4060 1474 4110 que
1498 4059 1570 4093 ex
1607 4051 1762 4108 parte
1795 4046 2059 4096 rationem.
2106 4045 2459 4108 Dictinyuitur·

1375 4118 1546 4161 autem
1559 4113 1729 4161 oratio
1752 4120 1906 4174 atque
1921 4113 2211 4161 illustratur
2228 4113 2453 4160 maxime

1375 4192 1491 4229 raro
1516 4178 1822 4229 inducendis
1857 4178 1984 4229 locis
2009 4179 2365 4229 communibus
2401 4185 2455 4228 et.

1375 4247 1547 4308 aliquo
1571 4245 1700 4306 loco,
1727 4247 1829 4296 iam
1846 4247 2145 4298 certioribus
2166 4246 2270 4297 illis
2294 4261 2446 4311 argu·
