2930 4693
460 230 584 295 152

1030 222 1130 288 DE
1174 223 1529 288 ORATORE
1565 223 1623 287 11
1663 223 1770 288 40.
1811 229 2124 291 166-170.

460 395 683 458 Carbo:
716 395 807 457 ‘Si
831 394 1039 458 consul
1060 403 1167 466 est,
1190 396 1292 478 qui
1309 393 1568 458 consulit
1586 396 1835 477 patriae,
1857 394 2002 476 quid
2023 392 2183 456 aliud
2206 392 2347 458 fecit
2358 392 2636 475 Opimius
2649 394 2699 454 ‘3’

334 488 432 542 166
465 481 571 543 Sin
600 479 674 543 ab
706 498 777 542 eo
794 529 812 554 ,
844 480 1004 562 quod
1031 498 1163 544 rem
1191 482 1460 560 attingit,
1503 479 1708 562 plures
1735 489 1875 544 sunt
1901 486 2388 560 argumentorum
2417 479 2595 542 sedes
2626 498 2701 540 ac

458 566 593 630 loci.
673 566 822 629 Nam
864 574 925 628 et
966 567 1283 629 coniuncta
1323 584 1680 647 quaeremus
1709 574 1770 628 et
1797 582 2020 645 genera
2049 572 2110 626 et
2135 571 2338 646 partes
2366 563 2698 645 generibus

456 651 754 714 subiectas
794 659 854 713 et
891 650 1304 715 similitudines
1344 659 1406 713 et
1433 650 1944 714 dissimilitudines
1974 657 2033 712 et
2062 652 2362 713 contraria
2391 658 2453 711 et
2480 669 2696 712 conse-

442 738 697 820 quentia
746 743 806 799 et
856 744 1254 800 consentanea
1300 743 1362 798 et
1398 737 1568 817 quasi
1602 737 2053 817 praecurrentia
2093 742 2152 797 et
2193 737 2589 816 repugnantia
2634 743 2699 798 et

457 840 664 886 causas
681 841 887 885 rerum
906 821 1327 903 vestigabimus
1347 829 1404 884 et
1428 840 1517 893 ea,
1549 839 1700 903 quae
1724 839 1796 883 ex
1821 822 2013 884 causis
2035 829 2165 882 orta
2184 822 2333 892 sint;
2367 829 2426 883 et
2444 822 2694 892 maiora,

285 904 371 981 40
386 915 484 970 167
498 910 683 990 paria,
714 909 947 970 minora
975 924 1348 990 quaeremus.
1393 907 1484 969 Ex
1510 908 1843 970 coniunctis
1870 907 1958 967 sic
1986 912 2331 986 argumenta
2363 906 2695 973 ducuntur:

455 995 545 1056 ‘Si
571 995 778 1076 pietati
806 1011 1036 1056 summa
1064 992 1382 1056 tribuenda
1420 990 1551 1054 laus
1581 1000 1696 1065 est,
1740 990 1970 1056 debetis
1999 992 2254 1061 moveri,
2299 1010 2438 1054 cum
2467 989 2537 1063 Q.
2567 991 2696 1053 Me-

455 1078 665 1142 tellum
691 1086 814 1142 tam
843 1080 942 1160 pie
969 1077 1177 1158 lugere
1207 1078 1499 1141 videatis?
1557 1078 1647 1139 Ex
1676 1094 1897 1158 genere
1930 1083 2159 1139 autem:
2193 1076 2283 1138 ‘Si
2311 1077 2696 1157 magistratus

455 1167 519 1226 in
548 1163 756 1246 populi
781 1164 1037 1226 Romani
1073 1170 1366 1243 potestate
1406 1181 1537 1225 esse
1578 1162 1826 1232 debent,
1879 1162 2022 1242 quid
2051 1161 2399 1224 Norbanum
2429 1180 2693 1234 accusas,

457 1252 625 1312 cuius
656 1249 989 1312 tribunatus
1008 1248 1294 1311 voluntati
1319 1250 1519 1330 paruit
1540 1249 1788 1311 civitatis
1804 1248 1852 1307 ‘t’
1895 1247 1983 1310 Ex
2003 1254 2175 1328 parte
2197 1256 2396 1310 autem
2419 1266 2507 1322 ea,
2538 1255 2718 1328 quae'

324 1347 423 1400 168
457 1342 548 1397 est
574 1334 843 1397 subiecta
870 1336 1109 1414 generi:
1163 1334 1250 1396 ‘Si
1291 1352 1531 1403 omnes,
1588 1335 1691 1414 qui
1728 1334 1821 1395 rei
1847 1331 2122 1414 publicae
2163 1332 2513 1405 consulunt,
2567 1334 2696 1393 cari

457 1419 630 1483 nobis
660 1438 790 1483 esse
819 1419 1071 1491 debent,
1124 1426 1287 1482 certe
1327 1420 1621 1501 imprimis
1647 1420 2069 1501 imperatores,
2122 1436 2379 1501 quorum
2409 1416 2690 1490 consiliis,

454 1507 698 1579 virtute,
741 1504 1023 1587 periculis
1051 1505 1381 1567 retinemus
1409 1512 1471 1567 et
1498 1511 1766 1567 nostram
1794 1502 2047 1566 salutem
2076 1511 2137 1566 et
2162 1505 2402 1585 imperii
2432 1503 2688 1584 dignita-

454 1597 624 1654 tem.’
705 1592 795 1654 Ex
822 1590 1206 1654 similitudine
1235 1597 1464 1652 autem:
1518 1591 1607 1652 ‘Si
1633 1589 1797 1652 ferae
1825 1595 2032 1670 partus
2058 1607 2197 1651 suos
2238 1588 2521 1668 diligunt,
2576 1606 2694 1668 qua

455 1696 566 1740 nos
594 1678 658 1739 in
685 1676 908 1739 liberos
937 1684 1172 1739 nostros
1196 1674 1578 1755 indulgentia
1599 1693 1731 1737 esse
1763 1673 2106 1737 debemus?’
2184 1676 2261 1736 At
2287 1693 2361 1735 ex
2391 1672 2691 1738 dissimili-

317 1769 416 1823 169
451 1763 687 1825 tudine:
743 1763 834 1824 ‘Si
861 1762 1254 1824 barbarorum
1285 1768 1376 1823 est
1403 1763 1468 1822 in
1497 1761 1654 1822 diem
1685 1762 1909 1831 vivere,
1961 1767 2163 1821 nostra
2196 1758 2441 1821 consilia
2470 1760 2689 1840 sempi-

455 1853 695 1909 ternum
736 1854 970 1929 tempus
1012 1853 1282 1927 spectare
1324 1845 1589 1909 debent?
1665 1847 1857 1926 Atque
1889 1850 2139 1925 utroque
2178 1846 2245 1906 in
2273 1863 2495 1923 genere
2525 1852 2585 1905 et
2612 1846 2690 1905 si-

456 1931 806 1993 militudinis
834 1939 894 1992 et
936 1930 1432 1993 dissimilitudinis
1474 1930 1750 2012 exempla
1790 1937 1929 1992 sunt
1969 1949 2042 1991 ex
2082 1930 2336 1992 aliorum
2377 1930 2550 1992 factis
2591 1937 2691 1990 aut

454 2016 630 2079 dictis
660 2024 761 2078 aut
789 2018 1014 2078 eventis
1045 2022 1104 2077 et
1131 2016 1304 2077 fictae
1327 2018 1700 2079 narrationes
1722 2033 1899 2097 saepe
1918 2015 2249 2096 ponendae.
2294 2014 2419 2077 Iam
2442 2033 2518 2091 ex
2546 2033 2687 2076 con-

454 2103 669 2164 trario:
701 2102 791 2164 ‘Si
801 2101 1105 2165 Gracchus
1127 2101 1371 2174 nefarie,
1395 2101 1703 2182 praeclare
1716 2101 2027 2182 Opimius!
2051 2101 2141 2163 Ex
2160 2099 2686 2181 consequentibus:

321 2188 545 2277 17οξὃί
575 2195 634 2250 et
664 2187 827 2249 ferro
855 2188 1205 2249 interfectus
1233 2185 1334 2248 ille
1375 2193 1437 2248 et
1475 2194 1541 2249 tu
1579 2188 1856 2249 inimicus
1890 2188 2016 2252 eius
2046 2205 2182 2248 cum
2214 2185 2409 2265 gladio
2440 2193 2687 2248 cruento

460 2273 928 2356 comprehensus
953 2274 1018 2334 in
1059 2271 1163 2335 illo
1200 2273 1332 2353 ipso
1361 2271 1495 2334 loco
1525 2279 1586 2333 et
1613 2291 1790 2334 nemo
1818 2280 2059 2354 praeter
2102 2279 2160 2333 te
2199 2271 2286 2333 ibi
2324 2273 2483 2333 visus
2513 2278 2608 2333 est
2632 2278 2691 2332 et

458 2377 632 2421 causa
664 2360 892 2421 nemini
920 2366 981 2420 et
1007 2366 1074 2421 tu
1101 2376 1338 2440 semper
1367 2359 1585 2430 audax,
1629 2358 1771 2439 quid
1811 2365 1901 2420 est
1929 2358 2089 2439 quod
2118 2359 2192 2419 de
2219 2357 2488 2419 facinore
2518 2356 2689 2419 dubi-

457 2452 586 2506 tare
614 2445 909 2525 possimus
922 2445 968 2505 ‘³’
1048 2444 1136 2507 Ex
1166 2446 1580 2506 consentaneis
1611 2452 1672 2505 et
1697 2443 2225 2525 praecurrentibus
2255 2451 2316 2507 et
2345 2460 2684 2524 repugnan-

458 2529 640 2603 tibuS‚
695 2537 762 2594 ut
804 2529 947 2594 olim
989 2530 1236 2596 Crassus
1284 2528 1663 2594 adulescens:
1719 2529 1878 2595 ‘Non
1918 2532 1970 2592 si
2010 2529 2311 2612 Opimium
2351 2527 2685 2609 defendisti,

514 2778 605 2821 166.
627 2771 738 2821 Auf
745 2771 828 2822 die
844 2770 982 2821 drei
1002 2769 1521 2836 Unter-Kategorieen

457 2836 549 2887 der
579 2837 800 2899 πίστεις
835 2832 1089 2904 ἔντεκνοι
1134 2836 1241 2901 (die
1275 2839 1518 2902 definitio,

453 2907 668 2969 partitio
692 2922 744 2955 u.
769 2907 967 2969 nopatio
1000 2906 1122 2956 oder
1156 2896 1516 2973 ἐτυμολογία,

455 2973 543 3022 bei
577 2973 880 3024 Aristoteles
923 2972 1056 3023 auch
1099 2963 1381 3040 σύμβολον
1423 2989 1517 3040 ge-

456 3048 618 3090 nannt
632 3067 702 3076 —
716 3054 836 3090 cum
854 3056 920 3091 ex
938 3042 989 3090 vi
1012 3041 1231 3092 nominis
1247 3056 1519 3107 argumen-

449 3115 559 3158 tum
594 3108 816 3172 elicitur,
867 3110 1080 3160 verbum
1126 3123 1193 3159 ex
1234 3113 1388 3161 verbo
1422 3109 1518 3175 —)

451 3176 582 3244 folgt
599 3176 730 3241 jetzt
753 3177 838 3228 die
868 3177 1007 3227 vier
1019 3183 1078 3226 te
1111 3175 1515 3243 Unter-Katego-

447 3244 543 3308 rie,
568 3246 613 3296 is
638 3245 798 3309 locus,
822 3245 914 3310 qui
936 3252 1136 3296 constat
1160 3260 1227 3296 ex
1245 3245 1320 3296 eis
1344 3248 1517 3310 rebus,

449 3328 582 3378 quae
616 3314 993 3376 quodammodo
1037 3313 1252 3364 affectae
1297 3323 1418 3363 sunt
1449 3315 1519 3364 ad

450 3381 522 3443 id,
547 3382 615 3433 de
639 3396 739 3444 quo
763 3383 1066 3448 ambigitur,
1093 3383 1221 3447 Top.
1247 3378 1301 3446 9,
1325 3390 1405 3445 38,
1429 3382 1516 3432 die

449 3449 720 3516 Kategorie
766 3451 858 3502 des
905 3447 1377 3516 zusammenhangs
1424 3450 1518 3500 mit

454 3519 570 3568 dem
611 3517 892 3585 fraglichen
930 3518 1100 3569 Punkt
1142 3518 1214 3568 im
1256 3518 1518 3569 weitesten

455 3584 583 3636 Sinn
607 3586 699 3636 des
722 3587 928 3648 Worts‚
962 3587 1047 3637 die
1076 3585 1264 3636 wieder
1296 3586 1349 3636 in
1381 3585 1518 3637 funf-

454 3652 587 3703 zehn
612 3652 1173 3720 Special·Kategorieen
1201 3653 1415 3705 zerf‘allt.
1430 3672 1474 3683 -

519 3720 618 3783 40,
654 3730 745 3772 167.
790 3722 884 3772 Die
917 3730 1052 3774 erste
1085 3723 1254 3773 dieser
1285 3722 1516 3788 Special-

453 3789 788 3857 Kategorieen
808 3791 877 3840 ist
899 3807 971 3842 eae
992 3792 1273 3843 coniunctis
1304 3792 1428 3842 oder
1451 3806 1518 3841 ex

449 3859 837 3925 coniugatione,
863 3873 1016 3923 quam
1040 3858 1219 3909 Graeci
1241 3856 1518 3925 συζυγίαν

448 3937 650 3990 vocant,
668 3926 915 3977 finitimus
936 3927 1200 3990 notationi,
1219 3926 1518 3978 Verwandt-

448 3992 612 4046 sehast
623 3995 712 4045 der
721 3994 1070 4046 Wortforrnen
1089 3996 1233 4046 eines
1246 3994 1515 4056 Stammes,

446 4061 544 4110 wie
566 4061 676 4112 hier
700 4064 793 4114 das
811 4064 975 4114 subst.
995 4064 1160 4130 pietas
1184 4064 1291 4114 und
1309 4064 1403 4115 das
1421 4063 1514 4114 ad-

450 4128 592 4178 verb.
618 4130 722 4194 pie.
1502 4182 1506 4187 ,

518 4194 612 4245 Ex
639 4211 856 4260 qaaere,
908 4211 1003 4247 aus
1048 4199 1165 4247 dem
1201 4198 1357 4250 Ober·
1394 4200 1519 4251 oder

451 4260 899 4327 Gattungsbegriff,
924 4265 1016 4313 der
1032 4265 1131 4315 den
1148 4267 1343 4317 andern
1369 4276 1519 4320 unter

1622 2769 1732 2821 sich
1750 2767 1983 2836 begreift,
1996 2769 2092 2821 wie
2109 2767 2222 2819 hier
2237 2769 2568 2834 magistratus
2586 2767 2685 2818 den

1620 2839 1929 2890 tribunatus.

1686 2926 1740 2975 in
1758 2940 1816 2988 p.
1842 2924 1907 2975 R.
1931 2929 2208 2989 potestate,
2234 2923 2304 2973 im
2326 2922 2542 2974 Dienste
2567 2922 2617 2973 d.
2642 2937 2683 2975 r.

1620 2992 1783 3044 Volks
1807 2991 2006 3043 stehen.

1690 3079 1816 3144 quid
1834 3078 1903 3127 N.
1928 3093 2142 3129 accusas
2173 3103 2242 3114 —
2272 3091 2422 3127 wenn
2455 3077 2564 3127 also
2597 3077 2681 3126 Je-

1619 3145 1776 3195 mand
1798 3146 2122 3210 anzuklagen
2144 3145 2229 3205 ist,
2255 3160 2313 3195 so
2334 3146 2428 3196 ists
2449 3145 2542 3195 das
2562 3158 2684 3195 sou-

1620 3216 1808 3265 veriine
1820 3213 1970 3276 Volk,
1990 3212 2128 3263 nieht
2145 3213 2228 3278 N.‚
2253 3213 2345 3264 der
2361 3212 2455 3264 mit
2473 3212 2565 3262 der
2575 3213 2684 3261 An—

1619 3282 1771 3347 klage
1797 3281 1983 3348 Capios
2006 3296 2105 3332 nur
2128 3282 2297 3333 seines
2315 3282 2478 3331 Herrn
2493 3279 2685 3330 Willen

1618 3350 1808 3416 gethan
1830 3349 1938 3400 hat.

1687 3443 1779 3487 170.
1802 3435 1897 3487 Ex
1918 3434 2354 3501 consequentibus,
2378 3435 2508 3500 Top.
2535 3432 2616 3497 12,
2637 3441 2688 3484 53

1620 3518 1681 3553 ea
1705 3504 1840 3554 enim
1865 3504 1981 3554 dico
2005 3504 2396 3568 consequentia,
2423 3517 2556 3566 quae
2577 3517 2686 3551 rem

1619 3572 1907 3623 necessario
1933 3578 2341 3635 consequuntur:
2379 3572 2604 3632 itemque
2637 3579 2689 3620 et

1618 3640 1968 3690 antecedentia
1986 3641 2403 3706 etrepugnantia.
2423 3637 2688 3702 Quidquid

1620 3708 1758 3758 enim
1781 3707 2037 3758 antecedit
2059 3722 2316 3772 quamque
2336 3721 2443 3757 rem
2457 3745 2474 3772 ‚
2508 3707 2563 3757 id
2597 3720 2688 3757 co·

1618 3774 1792 3826 haeret
1815 3792 1931 3827 cum
1954 3790 2009 3825 re
2032 3776 2345 3838 necessario,
2372 3781 2421 3824 et
2445 3774 2584 3839 quod
2601 3790 2688 3824 re-

1617 3851 1829 3911 pugnat,
1855 3845 1911 3895 id
1936 3844 2188 3894 eiusmodi
2205 3854 2307 3904 est,
2332 3850 2391 3893 ut
2413 3842 2687 3893 cohaerere

1618 3927 1898 3974 numquam
1920 3912 2104 3978 possit.
2139 3912 2261 3962 Hier
2282 3911 2396 3977 ffigt
2419 3910 2592 3961 Cicero
2620 3926 2687 3961 zu

1618 3980 1710 4031 der
1731 3980 2095 4047 repugnantia,
2121 3980 2405 4030 antecessio
2431 3978 2538 4029 und
2560 3993 2687 4028 con·

1618 4049 1813 4099 secutio
1848 4047 1977 4098 noch
2011 4047 2112 4098 den
2142 4048 2236 4098 mit
2268 4049 2360 4098 der
2392 4046 2687 4098 consecutio

1617 4113 1751 4166 nahe
1782 4116 2106 4167 verwandten
2142 4116 2337 4166 Beweis
2369 4130 2435 4165 ex
2469 4129 2689 4165 consen·

1617 4184 1780 4234 taneis
1804 4182 1981 4235 hinzu.

1684 4276 1742 4320 ut
1764 4270 1879 4321 olim
1904 4268 2144 4330 Crassus,
2179 4267 2313 4320 Einl.
2341 4269 2363 4318 Ι
2386 4265 2419 4333 S
2447 4265 2527 4330 10,
2552 4276 2603 4317 77
2625 4265 2684 4318 ff.
