2930 4693
881 222 983 285 DE
1014 221 1373 286 ORATORE
1412 222 1496 285 111
1537 223 1597 284 7.
1643 230 1884 285 24-26.
2377 234 2507 306 233

258 393 525 475 loquitur
552 393 674 453 sive
705 390 779 453 de
808 400 1007 453 terrae
1035 392 1158 453 sive
1188 390 1261 453 de
1292 390 1488 453 divina
1518 391 1574 451 vi
1596 392 1718 454 sive
1746 392 1822 454 de
1846 393 2124 466 humana,
2154 396 2276 460 sive
2308 416 2382 461 ex
2410 400 2504 461 in-

258 478 484 540 feriore
531 476 665 538 loco
710 478 832 538 sive
882 495 954 538 ex
1007 493 1197 554 aequo
1254 477 1375 536 sive
1426 494 1502 536 ex
1550 478 1888 556 superiore,
1949 480 2071 541 sive
2120 488 2188 541 ut
2236 482 2505 562 impellat

259 564 535 625 homines
585 562 707 623 sive
757 568 824 622 ιιι
874 560 1085 622 doceat
1124 563 1246 622 sive
1287 568 1353 621 ut
1394 559 1698 622 deterreat
1737 563 1859 623 sive
1904 570 1970 623 ut
1998 565 2258 626 concitet
2283 568 2407 629 sive
2435 578 2503 631 ut

258 647 531 708 reflectat
557 648 680 707 sive
708 653 776 708 ut
801 644 1084 707 incendat
1110 646 1232 706 sive
1260 652 1328 706 ut
1353 643 1556 716 leniat,
1588 647 1709 707 sive
1739 646 1814 707 ad
1835 665 2059 727 paucos
2089 650 2211 710 sive
2241 650 2314 712 ad
2345 653 2499 714 mul·

259 739 353 795 tos
381 733 505 793 sive
534 732 695 792 inter
724 728 950 791 alienos
997 731 1122 791 sive
1150 748 1287 791 cum
1328 730 1450 790 suis
1491 731 1611 790 sive
1655 747 1890 802 secum,
1944 733 2087 793 rivis
2127 740 2218 794 est
2259 733 2498 799 diducta

255 818 469 887 oratio,
500 833 620 877 non
644 814 937 885 fontibus;
970 821 1048 885 et,
1075 832 1447 893 quocumque
1470 813 1823 893 ingreditur,
1856 816 2069 878 eodem
2093 826 2184 880 est
2202 819 2497 883 instructu

254 909 592 980 ornatuque
622 901 916 961 comitata.
975 898 1091 960 Sed
1121 900 1401 978 quoniam
1432 901 1706 977 oppressi
1731 901 1851 961 iam
1881 919 2086 963 sumus
2114 904 2493 982 opinionibus

258 1003 382 1047 non
426 984 605 1046 modo
647 982 823 1063 vulgi,
868 1001 1073 1045 verum
1114 985 1289 1045 etiam
1330 983 1641 1048 hominum
1681 982 1891 1045 leviter
1935 986 2325 1057 eruditorum,
2370 992 2493 1070 qui,

255 1087 413 1151 quae
443 1068 760 1148 complecti
798 1076 921 1129 tota
966 1075 1287 1147 nequeunt,
1331 1067 1481 1128 haec
1523 1066 1754 1129 facilius
1796 1068 2020 1132 divulsa
2064 1078 2125 1131 et
2164 1074 2333 1151 quasi
2373 1072 2494 1137 dis-

256 1161 466 1233 cerpta
495 1160 885 1223 contrectant,
932 1154 1124 1232 etqui
1163 1160 1463 1233 tamquam
1512 1151 1587 1213 ab
1630 1155 1829 1215 animo
1871 1171 2107 1234 corpus,
2149 1157 2237 1218 sic
2279 1175 2311 1218 a
2354 1176 2494 1219 sen·

256 1240 461 1300 tentiis
487 1237 670 1298 verba
698 1239 1048 1316 seiungunt,
1079 1255 1334 1316 quorum
1364 1237 1494 1298 sine
1520 1238 1768 1300 interitu
1796 1238 1929 1298 fieri
1960 1247 2242 1302 neutrum
2272 1249 2492 1320 potest,

256 1340 381 1384 non
410 1324 726 1401 suscipiam
757 1323 1029 1383 oratione
1059 1340 1193 1383 mea
1222 1320 1357 1400 plus
1385 1339 1565 1401 quam
1606 1322 1755 1384 mihi
1798 1324 2145 1402 imponitur.
2233 1325 2491 1390 Tantum

253 1406 601 1485 significabo
631 1405 801 1466 brevi
826 1421 1022 1486 neque
1051 1406 1367 1467 verborum
1400 1413 1679 1468 ornatum
1706 1406 1961 1466 inveniri
1992 1426 2166 1486 posse
2200 1426 2322 1470 non
2350 1428 2491 1490 par-

253 1492 334 1552 tis
362 1492 777 1570 expressisque
805 1491 1117 1551 sententiis
1157 1507 1351 1568 neque
1394 1508 1525 1551 esse
1574 1488 1756 1551 ullam
1801 1493 2157 1554 sententiam
2196 1491 2490 1556 illustrem

252 1577 386 1636 sine
414 1575 548 1636 luoe
574 1573 915 1635 verborum.
1005 1574 1122 1635 Sed
1160 1576 1508 1654 priusquam
1546 1573 1649 1634 illa
1692 1588 1879 1634 conor
1918 1576 2231 1653 attingere,
2272 1577 2488 1657 quibus

252 1662 587 1721 orationem
617 1660 821 1720 ornari
848 1666 1027 1739 atque
1054 1656 1378 1719 illuminari
1408 1664 1633 1737 putem,
1675 1676 2010 1738 proponam
2055 1659 2312 1723 breviter
2343 1662 2485 1742 quid

251 1746 505 1805 sentiam
539 1743 614 1804 de
640 1745 919 1805 universo
949 1759 1172 1822 genere
1202 1742 1460 1803 dicendi.

425 1830 650 1890 Natura
693 1827 855 1889 nulla
896 1835 1004 1897 est,
1056 1835 1123 1888 ut
1167 1826 1315 1888 mihi
1352 1826 1605 1898 videtur,
1658 1845 1808 1906 quae
1850 1845 1974 1892 non
2015 1827 2233 1890 habeat
2272 1830 2335 1889 in
2379 1847 2489 1892 suo

253 1931 479 1992 genere
518 1931 617 1973 res
660 1911 998 1993 complures
1035 1910 1350 1973 dissimiles
1391 1913 1551 1972 inter
1592 1929 1685 1983 se,
1739 1929 1891 1991 quae
1941 1920 2142 1974 tamen
2195 1914 2491 1978 consimili

253 1998 429 2059 laude
459 1998 797 2076 dignentur.
885 1997 1037 2058 Nam
1069 2004 1129 2057 et
1157 1995 1399 2057 auribus
1426 1994 1615 2057 multa
1642 1997 2027 2077 percipimus,
2057 2016 2209 2077 quae
2239 2000 2351 2060 etsi
2378 2017 2491 2061 nos

253 2082 497 2144 vocibus
528 2081 844 2152 delectant,
889 2088 1091 2142 tamen
1120 2082 1202 2141 ita
1231 2087 1374 2142 sunt
1407 2081 1572 2142 varia
1611 2098 1809 2161 saepe,
1853 2088 1920 2142 ut
1958 2082 2041 2152 id,
2084 2082 2243 2163 quod
2284 2085 2488 2163 proxi·

252 2184 419 2228 mum
463 2166 666 2227 audias
680 2210 697 2237 ,
737 2165 1230 2227 iucundissimum
1271 2183 1403 2226 esse
1441 2161 1743 2236 videatur:
1796 2173 1857 2227 et
1897 2165 2085 2227 oculis
2126 2166 2490 2245 colliguntur

251 2269 448 2331 paene
475 2250 943 2312 innumerabiles
981 2248 1340 2329 voluptates,
1391 2267 1546 2329 quae
1592 2267 1705 2310 nos
1745 2251 1827 2311 ita
1869 2251 2139 2328 capiunt,
2195 2256 2261 2311 ιιι
2300 2267 2491 2312 ιιιιιιιιι

247 2355 496 2398 sensum
538 2334 810 2398 dissimili
852 2353 1075 2415 genere
1117 2333 1444 2405 delectent;
1499 2341 1562 2395 et
1598 2332 1862 2414 reliquos
1905 2351 2113 2397 sensus
2156 2333 2489 2415 voluptates

246 2420 556 2483 oblectant
583 2420 868 2500 dispares,
910 2427 978 2481 ut
1004 2421 1082 2480 sit
1109 2418 1351 2480 difficile
1378 2418 1664 2481 iudicium
1687 2417 2032 2480 excellentis
2060 2420 2318 2483 maxime
2349 2437 2486 2481 sua·

2535 916 2607 966 24

2530 1591 2602 1645 25

2554 1830 2599 1907 ‘1

249 2507 466 2568 vitatis.
551 2507 626 2568 At
653 2506 768 2566 hoc
796 2504 974 2576 idem,
1016 2503 1176 2584 quod
1206 2511 1298 2566 est
1323 2505 1390 2565 in
1416 2505 1648 2566 naturis
1679 2521 1901 2575 rerum,
1943 2503 2258 2567 transferri
2286 2510 2486 2583 potest
2526 2513 2599 2569 26

1418 2671 1579 2721 leider
1647 2685 1754 2720 nun
1813 2670 1998 2723 einmal
2055 2669 2489 2722 unvermeidliche

319 2684 390 2725 ²³·
424 2688 498 2724 ‘³⁸²'
518 2674 768 2736 mserwre
800 2675 939 2730 Μεθ’
977 2685 1067 2723 vor
1091 2669 1316 2736 Geneht'
1419 2737 1715 2804 scheidung
1741 2737 1991 2788 zwisehen
2012 2732 2183 2789 'Inhalt
2205 2739 2311 2788 und
2336 2738 2488 2788 Form

247 2743 364 2795 weil
406 2742 496 2792 der
533 2741 738 2792 Richter
777 2740 871 2790 auf
905 2740 1022 2790 dem
1071 2738 1312 2789 erhiihten

247 2810 490 2862 Tribunal
510 2824 649 2868 sass;
675 2825 746 2860 ex
762 2823 945 2874 aequo,
961 2808 1030 2856 im
1044 2805 1217 2869 Sentit,
1234 2820 1313 2856 wo

242 2879 396 2944 jeder
416 2891 514 2927 von
534 2878 730 2926 seinem
749 2875 860 2926 Sitz
885 2888 979 2925 aus
1003 2874 1216 2940 spraeh3
1243 2889 1314 2926 eae

247 2947 544 3011 superiore,
577 2946 630 2994 in
654 2945 745 2995 der
767 2941 1315 3007 Volksversammlung

248 3028 352 3065 von
379 3014 469 3064 der
492 3010 881 3075 Rednerbiihne,
908 3006 940 3075 S
964 3009 1084 3061 211.

316 3084 423 3132 sive
443 3095 611 3132 secum
633 3106 702 3115 —
722 3080 820 3129 wie
842 3079 913 3128 im
938 3077 1316 3129 dramatischen

249 3148 510 3213 Monolog.

317 3218 458 3274 rivis,
484 3215 530 3264 11
552 3214 639 3277 27,
665 3222 757 3264 117.
789 3214 924 3278 Top.
945 3209 996 3273 8,
1019 3220 1071 3263 33
1093 3212 1314 3277 partium

247 3285 541 3335 distributio
576 3297 731 3347 saepe
772 3291 849 3332 est
894 3280 1140 3329 infinitior
1185 3289 1314 3329 tam-

247 3367 405 3417 quam
429 3352 653 3401 rivorum
677 3364 709 3399 a
732 3349 873 3399 fonte
897 3348 1144 3397 diductio.

319 3434 627 3486 quocumque
666 3417 982 3483 ingreditur,
1029 3416 1135 3480 vgl.
1172 3417 1196 3465 1
1229 3413 1312 3475 55,

245 3496 343 3539 234.
389 3490 641 3537 instinctu
672 3500 748 3536 sc.
784 3484 1177 3546 sententiarum,
1226 3483 1310 3532 ein

246 3555 470 3606 seltenes
496 3553 814 3604 SubstantiV.
850 3549 1174 3617 Niigelsbaeh
1196 3549 1308 3600 Lat.

249 3622 362 3673 Stil.
387 3619 419 3689 S
442 3620 527 3683 56,
550 3629 592 3672 3.
629 3626 815 3673 ornatu
839 3634 914 3671 sc.
942 3619 1230 3670 verborum.

316 3698 386 3740 24.
420 3693 521 3740 iam
551 3714 618 3725 —
652 3689 748 3738 wie
773 3687 990 3738 Crassus
1016 3687 1126 3737 Zeit
1154 3686 1310 3736 wirk-

247 3757 348 3808 lieh
364 3759 418 3807 in
430 3757 602 3808 dieser
609 3755 909 3821 Beziehung
926 3756 1073 3805 einen
1083 3754 1312 3805 Wende-

247 3826 414 3892 punkt
437 3824 611 3883 bildet,
634 3839 740 3875 von
762 3839 842 3874 wo
860 3823 1015 3873 anim
1033 3822 1310 3888 Allgemei-

249 3907 350 3943 nen
371 3893 452 3943 die
470 3891 702 3942 formelle
712 3890 835 3942 Gela
943 3890 1049 3940 keit
1066 3894 1199 3940 κιναι-
1217 3905 1309 3939 zu·

248 3960 428 4023 nolim,
455 3960 539 4011 die
562 3958 883 4010 Gedankenti
937 3972 966 4007 e
988 3957 1097 4009 und
1117 3955 1309 4007 Wahr-

247 4027 356 4078 heit
379 4028 616 4093 dagegen
637 4025 750 4077 sich
771 4027 1103 4090 verringerte.

314 4101 639 4147 contrectant
655 4095 792 4144 —in
805 4091 958 4143 roher
978 4091 1308 4155 (iusserIieh-

249 4161 659 4225 meehanischer)
682 4161 877 4213 Weise.

316 4246 418 4283 non
440 4231 712 4295 suscipiam
744 4240 846 4280 etc.
879 4253 943 4264 -
978 4227 1087 4278 also
1111 4227 1206 4278 auf
1225 4227 1310 4279 die

351 4318 458 4363 cle.
484 4319 559 4361 DE
587 4317 758 4362 ORA'r.
787 4320 829 4362 2.
858 4315 976 4360 Aua.

1367 2814 1372 2819 ⁴
1418 2805 1670 2871 eingelien
1705 2806 1815 2855 und
1841 2818 1940 2855 von
1965 2806 2056 2855 der
2080 2805 2309 2857 schssnen
2334 2805 2486 2856 Form

1416 2874 1499 2924 fiir
1522 2873 1632 2924 sich
1657 2873 1810 2924 nllein
1833 2873 2009 2925 reden.

1477 2944 1655 3007 partie
1671 2964 1737 2978 ·—-
1755 2941 1840 2992 die
1856 2941 1974 3003 (aus
1991 2942 2132 2992 einer
2146 2942 2487 2993 misverstan-

1416 3010 1582 3060 denen
1609 3010 1948 3061 Abbreviatur
1971 3007 2334 3074 entstandene)
2359 3008 2487 3060 Les·

1413 3086 1495 3127 art
1519 3078 1611 3127 der
1632 3078 1725 3128 Hs.
1749 3077 1947 3143 partitis
1979 3078 2092 3143 gibt
2124 3078 2310 3127 keinen
2336 3075 2486 3127 Sinn-

1415 3145 1536 3195 Erst
1558 3147 1765 3195 miissen
1788 3143 2067 3194 Gedanken
2090 3142 2268 3208 (stoli,
2291 3139 2486 3209 Inhalt)

1418 3221 1626 3277 erzeugt
1643 3213 1767 3263 oder
1784 3212 1849 3262 da
1867 3212 1980 3262 sein
1995 3226 2048 3264 ιι.
2065 3226 2198 3261 zwar
2215 3211 2489 3262 vei-stand·

1416 3280 1517 3330 lioh
1541 3280 1911 3345 ausgedriiokt,
1957 3277 2050 3327 ehe
2082 3293 2148 3327 an
2184 3278 2278 3328 das
2304 3293 2487 3328 ornare

1417 3347 1686 3398 derselben
1704 3345 1926 3413 gedaoht
1940 3344 2145 3395 werden
2163 3346 2302 3395 kann
2329 3347 2373 3395 ΙΙ
2396 3345 2485 3408 27,

1417 3423 1494 3465 116
1525 3411 1603 3479 (ιι.
1629 3413 1734 3480 120)
1767 3427 1899 3476 quae
1931 3426 2034 3463 nou
2066 3413 2132 3465 ab
2165 3421 2366 3462 oratore
2388 3426 2488 3477 pa-

1409 3485 1636 3542 riuntur3
1660 3481 1727 3533 de
1743 3482 1834 3532 fin.
1853 3481 1924 3531 111
1946 3479 1991 3540 1,
2011 3488 2037 3530 3
2060 3480 2219 3537 verba
2236 3479 2486 3545 parienda

1412 3549 1967 3629 suntimponendaque
1994 3561 2129 3598 nova
2155 3547 2302 3597 novis
2325 3548 2487 3601 rebus

1413 3631 1641 3669 nomina.

1480 3684 1602 3735 Der
1646 3680 2043 3733 individuell
2058 3697 2087 3730 e
2134 3679 2489 3732 Charakter

1412 3750 1790 3803 derverschi
1806 3748 2321 3800 edenenRedner
2337 3746 2491 3797 hebt

1412 3820 1517 3871 die
1539 3817 1805 3870 Einheit
1838 3816 1948 3868 der
1985 3813 2489 3867 Beredsamkeit

1413 3885 1595 3938 nieht
1649 3884 1784 3945 auf3
1856 3883 2313 3948 ehensowenig
2367 3880 2485 3931 wie

1414 3956 1518 4007 die
1552 3953 2056 4005 Individualitfit
2098 3952 2208 4001 der
2240 3950 2444 4000 Kiinst
2460 3975 2482 3987 -

1412 4024 1506 4073 ler
1564 4022 1666 4072 die
1712 4020 1976 4070 Einheit
2023 4020 2132 4070 der
2178 4018 2382 4068 Kunst
2425 4015 2481 4073 6,

1409 4087 1616 4148 25—10‚
1641 4096 1710 4144 3⁷,

1479 4157 1532 4219 7,
1556 4165 1626 4208 28.
1651 4158 1707 4207 in
1727 4157 1929 4207 natm-is
1949 4169 2137 4212 reram.
2163 4153 2219 4203 in
2243 4150 2334 4202 der
2358 4148 2482 4202 Siu-

1412 4225 1632 4276 nenwelt
1642 4224 1762 4290 (aut
1777 4225 1874 4276 den
1887 4221 2137 4275 Gebieten
2155 4220 2247 4275 des
2268 4218 2491 4275 natiirli·

1989 4310 2075 4377 19
