2930 4693
799 218 898 282 ΒΕ
945 190 1300 281 οιιΑΤοιιΕ
1341 217 1395 281 ιι
1440 219 1541 284 71.
1586 224 1897 279 ραι-239.
2332 225 2456 288 199

402 389 593 468 Saepe
621 388 799 450 etiam
828 387 1018 449 facete
1047 386 1339 450 concedas
1368 387 1707 450 adversario
1744 387 1806 450 id
1834 390 2061 469 ipsum,
2104 388 2264 470 quod
2292 388 2401 452 tibi
2430 386 2627 462 71286

231 472 335 535 ille
381 472 667 535 detrahit:
721 480 788 534 ut
826 472 890 535 C.
920 471 1184 545 Laelius,
1239 491 1375 536 cum
1415 474 1473 535 ei
1513 472 1753 554 quidam
1806 473 1963 535 malo
1997 490 2235 552 genere
2284 482 2458 537 natus

233 558 487 628 diceret,
516 557 827 637 indignum
860 575 989 620 esse
1019 560 1140 621 suis
1167 557 1508 630 maioribus,
1557 559 1658 620 ‘At
1683 557 1929 620 hercule
1942 607 1958 631 ,
1990 559 2183 640 inquit
2196 606 2212 632 ,
2244 566 2311 622 tu
2338 562 2456 622 tuis

233 642 491 721 dignus?
2000 704 2004 708 .
2097 671 2104 678 ·

404 728 598 808 Saepe
627 716 806 789 etiam
834 729 1199 791 sententiose
1226 726 1479 790 ridicula
1506 728 1814 790 dicuntur:
1845 735 1913 790 nt
1938 728 2016 791 Μ.
2049 729 2305 802 Cincius,
2337 748 2455 810 quo

234 813 333 875 die
360 811 559 892 legem
588 811 663 875 de
693 812 864 874 donis
892 819 954 874 et
978 813 1328 877 muneribus
1366 812 1528 883 tulit,
1571 831 1708 875 cum
1738 814 1803 877 C.
1834 813 2022 876 Cento
2061 813 2359 895 prodisset
2399 822 2461 876 et

232 900 375 961 satis
413 896 871 961 contumeliose:
921 898 1102 971 ‘Quid
1142 899 1292 971 fers,
1327 897 1652 962 Cinciolei’
1712 899 2066 980 quaesisset:
2129 899 2233 961 ‘Ut
2271 918 2456 973 emas,

231 984 453 1064 inquit,
487 983 618 1055 Cai,
649 983 704 1044 si
729 984 818 1046 uti
846 982 1036 1045 velis?
2205 1042 2216 1049 .

404 1068 594 1149 Saepe
624 1068 800 1130 etiam
828 1067 1000 1139 salse,
1032 1085 1184 1149 quae
1210 1067 1343 1131 fleri
1369 1086 1493 1130 non
1520 1076 1785 1149 possunt,
1818 1075 2123 1151 optantur:
2154 1078 2222 1131 ut
2240 1069 2316 1132 Μ.
2342 1070 2454 1132 Le·
2484 1082 2584 1135 287

232 1153 437 1234 pidus,
491 1170 655 1224 cum,
707 1155 925 1215 ceteris
965 1155 1032 1214 in
1060 1171 1270 1234 campo
1300 1152 1743 1226 exercentibus,
1794 1155 1858 1215 in
1899 1154 2088 1216 herba
2126 1157 2256 1236 ipse
2284 1173 2457 1217 recu·

235 1238 492 1309 buisset,
524 1236 772 1300 ‘Vellem
801 1237 918 1300 hoc
948 1245 1134 1311 esset,
1163 1239 1383 1319 inquit,
1413 1238 1736 1301 laborare?

404 1321 636 1385 Salsum
680 1332 771 1384 est
809 1325 990 1385 etiam
1031 1323 1455 1405 quaerentibus
1496 1331 1557 1386 et
1583 1324 1753 1404 quasi
1779 1324 2271 1405 percontantibus
2298 1323 2460 1386 lente

233 1407 601 1490 respondere
628 1407 791 1488 quod
818 1407 1038 1471 nolint:
1089 1414 1157 1470 ut
1184 1427 1397 1470 censor
1424 1409 1709 1490 Lepidus,
1759 1426 1896 1470 cum
1924 1409 2001 1471 M.
2030 1409 2283 1472 Antistio
2311 1410 2458 1490 Pyr·

236 1496 405 1574 gensi
433 1511 650 1574 equum
679 1493 1012 1564 ademisset,
1043 1494 1337 1574 amicique
1359 1512 1496 1556 cum
1517 1494 1986 1563 vociferarentur
2002 1502 2063 1555 et
2081 1501 2459 1575 quaererent,

236 1568 379 1659 quill
405 1578 506 1639 ille
532 1580 690 1659 patri
718 1597 825 1641 suo
854 1579 1272 1660 responderet,
1307 1597 1414 1640 cur
1443 1578 1787 1659 ademptum
1817 1578 1932 1639 sibi
1960 1596 2181 1660 equum
2210 1578 2456 1651 diceret,

236 1681 370 1724 cum
403 1664 661 1744 optimus
689 1663 964 1736 colonus,
1016 1665 1423 1745 parcissimus,
1478 1663 1976 1736 modestissimus,
2030 1662 2460 1744 frugalissimus

239 1757 412 1821 esset,
445 1747 562 1810 ‘Me
590 1749 874 1821 istorum,
909 1750 1132 1830 inquit,
1163 1748 1312 1810 nihil
1341 1748 1634 1811 credere?

405 1831 774 1913 Celliguntur
801 1851 836 1895 a
866 1835 1110 1896 Graecis
1137 1832 1250 1896 alia
1279 1833 1566 1896 nonnuUa
1582 1880 1600 1903 ,
1633 1834 2085 1906 exsecrationes,
2117 1833 2462 1896 admiratio-
2486 1845 2590 1900 288

236 1936 345 1981 nes
360 1966 376 1990 ,
406 1919 781 1981 minatione&
840 1918 960 1980 Sed
987 1918 1136 1980 haec
1162 1921 1292 2000 ipsa
1320 1920 1498 1981 nimis
1525 1919 1675 1980 mihi
1700 1918 1905 1980 videor
1931 1921 1997 1980 in
2024 1918 2209 1981 multa
2235 1937 2460 1999 genera

237 2003 641 2084 descripsisse.
698 2004 851 2066 Nam
877 2002 978 2065 illa
992 2051 1010 2075 ,
1049 2020 1202 2084 quae
1230 2003 1399 2065 verbi
1425 2006 1658 2067 ratione
1685 2011 1748 2066 et
1778 2005 1831 2064 vi
1860 2006 2263 2077 continentur,
2296 2011 2461 2067 certa

236 2089 364 2151 fere
394 2107 464 2150 ac
493 2089 734 2150 definita
762 2096 930 2160 sunt:
961 2107 1113 2170 quae
1142 2087 1494 2171 plerumque
1507 2134 1525 2170 ‚
1556 2096 1625 2151 ut
1651 2096 1789 2151 ante
1819 2089 1940 2151 dixi
1956 2137 1972 2161 ,
2016 2089 2244 2151 laudari
2270 2092 2462 2171 magis

238 2192 415 2255 quam
444 2173 632 2236 rideri
659 2172 872 2237 solent.
930 2174 1092 2236 Haec
1121 2181 1335 2247 autem,
1367 2192 1524 2256 quae
1547 2175 1777 2237 suntin
1807 2191 1877 2235 re
1906 2181 1967 2235 et
1993 2175 2123 2255 ipsa
2146 2174 2458 2244 sententia,
2488 2188 2592 2239 289

235 2258 506 2338 partibus
534 2267 673 2321 sunt
710 2257 1199 2330 innumerabilia:
1256 2260 1576 2338 generibus
1616 2277 1825 2339 pauca.
1908 2256 2463 2338 Exspectationibus

239 2346 399 2407 enim
438 2344 804 2425 decipiendis
851 2353 912 2406 et
951 2345 1178 2407 naturis
1219 2343 1472 2407 aliorum
1512 2342 1863 2416 irridendis,
1903 2344 2173 2425 ipsorum
2212 2341 2463 2405 ridicule

237 2429 570 2492 indicandis
599 2437 658 2492 et
686 2429 1071 2492 similitudine
1096 2431 1385 2511 turpioris
1414 2437 1478 2491 et
1505 2427 1974 2491 dissimulatione
2004 2436 2066 2491 et
2092 2427 2464 2490 subabsurda

239 2513 492 2578 dicendo
522 2522 584 2577 et
603 2514 781 2578 stulta
801 2514 1299 2597 reprehendendo
1320 2519 1480 2579 risus
1501 2522 1835 2578 moventur.
1879 2514 2085 2595 Itaque
2106 2511 2466 2575 imbuendus

237 2685 429 2750 Zflhue,
454 2687 545 2736 mit
565 2684 858 2739 satiriscber
875 2684 1195 2752 Anspielung
1211 2684 1306 2737 auf
1468 2694 1564 2737 289.
1606 2684 1880 2751 generibus
1903 2698 2103 2749 pauca,
2151 2682 2237 2733 die
2266 2681 2467 2747 Haupt-

239 2756 324 2806 die
347 2769 448 2805 von
474 2755 575 2806 den
594 2754 832 2806 Stoikern
856 2753 1164 2820 behauptete
1187 2753 1300 2806 viil-
1400 2754 1755 2818 kategorieen,
1779 2758 1931 2803 unter
1952 2749 2143 2802 welche
2166 2748 2324 2800 Giisar
2348 2764 2466 2799 zum

236 2824 340 2889 lige
363 2821 789 2889 Geffihllosigkeit
820 2823 911 2873 des
936 2820 1296 2889 Philosophen.
1402 2820 1619 2874 Schluss
1638 2819 2134 2872 dievcrschiedeuen
2146 2818 2468 2869 Aeusserun-

308 2890 403 2954 71,
436 2899 529 2941 286.
567 2889 704 2953 Quid
725 2891 842 2955 fers
872 2917 942 2927 —
972 2904 1078 2940 war
1100 2890 1184 2941 die
1205 2904 1298 2955 ge·
1400 2904 1502 2955 gen
1527 2890 1619 2939 des
1644 2887 1954 2940 Sachwitzes
1979 2886 2388 2938 zusammenbrin

237 2957 521 3010 wohnliehe
551 2959 715 3025 Frage
759 2973 826 3010 an
859 2958 959 3008 den
992 2957 1298 3023 Verkfiufer,
1402 2958 1522 3010 sind
1544 2957 1677 3009 also:
1708 2955 1767 3021 1)
1790 2957 1884 3008 das
1907 2956 2280 3016 Unerwartete,
2305 2955 2339 3017 S

238 3028 330 3078 der
354 3028 497 3078 scine
512 3026 739 3076 Waaren
758 3026 939 3086 nubet:
963 3026 1076 3076 hier
1097 3041 1186 3076 um
1209 3026 1300 3076 der
1400 3025 1477 3089 ffi,
1495 3024 1557 3088 2)
1575 3025 1660 3077 die
1676 3023 1943 3078 komische
1955 3023 2357 3077 Charekteristik
2371 3034 2467 3072 an·

235 3095 535 3160 Beziehung
555 3093 651 3145 auf
667 3094 760 3146 das
783 3094 951 3161 legem
973 3093 1106 3146 ferre
1127 3094 1298 3145 willen
1401 3093 1565 3154 derer,
1588 3093 1622 3155 S
1645 3090 1747 3144 264
1769 3093 1828 3154 f„
1854 3092 1909 3156 3)
1935 3094 2020 3145 die
2042 3092 2244 3157 witzige
2268 3090 2464 3142 Selbst·

238 3162 618 3230 doppclsinnig.
647 3163 853 3213 Cincius
869 3161 993 3229 geht
1009 3160 1196 3214 darauf
1214 3162 1298 3212 ein
1398 3168 1739 3228 verspottung
1760 3160 1914 3225 (fehlt
1934 3163 2005 3210 im
2022 3160 2233 3210 Abrinc.
2250 3158 2361 3209 und
2376 3157 2467 3207 hat

237 3232 507 3283 u.wendet
522 3231 606 3282 die
615 3231 845 3282 Antwort
853 3231 945 3281 des
956 3228 1296 3282 Verkfiufers:
1400 3229 1455 3280 in
1480 3230 1572 3281 der
1591 3228 1724 3280 'nm
1755 3230 1828 3280 im
1857 3226 2312 3293 vorhergehenden
2344 3226 2468 3275 hein

239 3314 354 3350 eme
375 3300 422 3351 si
444 3298 521 3350 uti
540 3298 671 3349 velis
705 3299 799 3349 mit
821 3298 913 3349 der
936 3296 1302 3365 entsprechen-
1403 3295 1835 3364 entsprechendes
1859 3290 2125 3361 Beispiel)‚
2146 3290 2210 3358 4)
2234 3293 2319 3343 die
2341 3293 2466 3342 Ker-

237 3368 339 3419 den
362 3364 706 3420 Modification
729 3381 824 3417 an:
861 3366 954 3418 das
977 3366 1080 3417 will
1102 3364 1185 3415 ich
1208 3365 1302 3414 mit
1400 3366 1611 3425 rihmar,
1637 3367 1671 3430 S
1692 3362 1795 3415 266
1816 3363 1873 3424 f„
1908 3362 1965 3428 5)
1989 3363 2074 3413 die
2097 3361 2280 3420 Ironie,
2307 3358 2341 3422 S
2362 3357 2466 3409 269

237 3436 459 3486 meinem
481 3433 780 3500 Vorschlag,
804 3442 1070 3485 antwortet
1095 3432 1301 3484 Cincius
1402 3431 1479 3494 ff„
1495 3432 1556 3500 6)
1575 3431 1661 3483 die
1677 3431 1948 3483 scheiubar
1966 3428 2227 3493 einffiltige
2236 3428 2465 3477 Aeusee-

239 3506 359 3556 dem
386 3504 545 3555 Cento
577 3527 647 3540 -—
677 3503 769 3554 der
800 3501 961 3554 durch
994 3503 1089 3554 das
1115 3500 1299 3554 Gesetz
1400 3515 1553 3566 rung,
1578 3502 1612 3564 s
1628 3500 1731 3552 274
1747 3499 1819 3563 ff„
1839 3499 1946 3550 und
1969 3496 2030 3560 7)
2057 3498 2140 3548 die
2158 3494 2467 3561 Geisselung

239 3573 325 3623 die
347 3571 522 3624 bisher
541 3570 626 3621 fiir
646 3570 736 3621 ihn
759 3585 817 3621 so
844 3571 1100 3638 erg-iebige
1125 3568 1302 3630 Quelle
1404 3568 1496 3620 der
1516 3567 1778 3633 Thorheit‚
1801 3565 1834 3635 S
1856 3564 1960 3619 280
1982 3564 2038 3617 ff.

237 3655 340 3691 von
365 3655 473 3690 nun
495 3654 562 3690 an
583 3638 836 3706 verstopft
857 3638 1015 3701 sieht,
1048 3665 1114 3676 -
1150 3639 1301 3690 dass
1472 3670 1689 3738 Itaque,
1738 3669 1861 3720 ‘und
1894 3664 1973 3720 so’
2012 3667 2084 3717 im
2109 3665 2347 3717 fflnbnssk
2379 3662 2475 3715 aar

239 3706 464 3826 33:0⁸1?
475 3707 738 3827 ἓξῖἔὲἂ
754 3709 892 3836 3ὲὲ
906 3704 1303 3827 &afflig
1405 3740 1490 3791 ⁴³³⁶
1511 3738 1847 3805 seeehssderte
1868 3733 2350 3802 Eiseuffimnchkeit
2374 3731 2468 3782 des

239 3845 287 3895 „i
310 3844 386 3893 uti
407 3844 537 3895 velis
562 3860 628 3894 zu
651 3844 817 3895 denen
840 3852 987 3911 ,ψ
1049 3844 1134 3895 die
1157 3842 1300 3893 ΑΗΘ,
1402 3808 1667 3874 Witzigen
1685 3804 1844 3858 sowol
1857 3803 1989 3856 nach
2001 3805 2169 3885 seiner
2186 3799 2469 3863 fot-meilen,

240 3912 422 3962 immet
455 3927 554 3964 „m-
584 3926 687 3964 von
717 3913 909 3964 andem
940 3881 1135 3977 bo’rgen
1158 3910 1302 3961 πη-
1406 3876 1485 3928 als
1510 3875 1786 3927 besonders
1809 3872 1942 3924 nach
1965 3887 2133 3923 semer
2153 3867 2472 3921 materiellen

241 3978 667 4102 Qffissifwh
702 3980 862 4032 semet
885 3981 978 4032 das
1002 3979 1187 4046 Nsstise
1209 3994 1305 4030 ⁸¹¹-
1407 3936 2471 4071 ?5{ff·m‘{{⁸si‘;53¹¹3553513:.5131?352532:

324 4125 422 4168 287.
487 4117 876 4182 exercentibus,
955 4116 1244 4168 intransitiv
1267 4131 1283 4166 ε
1407 4080 1613 4132 manen
1635 4078 1934 4143 F⁰rd⁹m¹¹3
1955 4077 2038 4127 αι’·

241 4183 528 4252 Uebungen
551 4185 820 4237 enstellen.
1474 4182 1782 4240 ὑπόιιεπᾱιιε,
1805 4176 1839 4246 S
1859 4176 1959 4228 162
1980 4176 2152 4242 aliquo
2175 4177 2280 4228 iam
2301 4175 2474 4227 imbu-

311 4262 406 4305 288.
443 4262 588 4315 ante,
609 4249 643 4319 S
665 4252 785 4304 254.
1407 4260 1494 4303 tus
1518 4266 1638 4305 usu.
1684 4251 1738 4300 in
1763 4255 1839 4310 te,
1862 4243 1896 4313 S
1920 4243 2041 4297 228.
