2930 4693
800 200 1296 265 DEORATORE
1335 200 1389 264 11
1430 201 1533 264 67.
1578 206 1888 262 269—271.

2338 207 2463 273 193

236 375 496 446 fecisset,
529 370 689 435 bello
717 372 1070 453 praesertim
1111 389 1328 452 magno
1370 378 1430 434 et
1470 372 1660 451 gravi:
1715 369 1911 435 ‘Nihil
1954 379 2072 443 est,
2115 371 2273 453 quod
2314 373 2465 436 mihi

236 461 463 540 gratias
491 476 647 538 agas,
696 459 916 538 inquit,
962 459 1012 517 si
1051 456 1232 519 malui
1271 456 1582 536 compilari
1623 475 1801 537 quam
1842 458 2114 527 venire;’
2155 466 2223 519 ut
2267 456 2462 520 Asello

236 539 554 606 Africanus
583 542 889 604 obiicienti
918 540 1168 603 lustrum
1211 541 1355 603 illud
1396 542 1605 603 infelix
1645 541 1831 613 ‘Noli,
1875 543 2083 622 inquit,
2128 543 2367 612 mirari;
2410 545 2461 603 is

237 630 419 699 enim,
451 630 553 708 qui
583 635 645 688 te
687 646 760 688 ex
799 627 1045 687 aerariis
1092 628 1326 697 exemit,
1371 625 1625 688 lustrum
1667 626 1932 687 condidit
1974 633 2034 687 et
2074 633 2308 688 taurum
2349 628 2461 688 im-

235 713 524 775 molavit?
572 713 762 773 Tanta
793 713 1039 791 suspitio
1070 718 1186 782 est,
1220 719 1287 772 ut
1313 710 1606 789 religione
1634 713 1927 773 civitatem
1960 710 2348 772 obstrinxisse
2378 712 2461 772 vi-

238 799 449 860 deatur
478 796 812 865 Mummius,
845 795 1001 876 quod
1031 794 1291 857 Asellum
1321 795 1646 874 ignominia
1676 793 1901 857 levarit.

406 880 643 944 Urbana
675 882 850 941 etiam
881 879 1266 941 dissimulatio
1296 886 1403 951 est,
1448 898 1584 941 cum
1614 879 1724 940 alia
1769 881 2048 942 dicuntur
2077 898 2147 941 ac
2174 881 2410 951 sentiaS,
2435 875 2517 948 67
2531 885 2633 940 269

236 985 361 1029 non
388 965 491 1027 illo
522 984 743 1045 genere
796 965 870 1025 de
900 983 1015 1044 quo
1047 971 1183 1026 ante
1215 965 1354 1042 dixi,
1399 983 1534 1034 cum
1566 966 1862 1027 contraria
1894 965 2076 1036 dicas,
2117 971 2185 1026 ut
2223 964 2463 1027 Lamiae

239 1053 504 1123 CrassuS,
549 1050 656 1111 sed
697 1068 830 1110 cum
879 1055 1007 1110 toto
1047 1066 1265 1129 genere
1308 1050 1592 1112 orationis
1634 1067 1842 1111 severe
1880 1049 2066 1120 ludas,
2113 1068 2248 1111 cum
2290 1048 2463 1111 aliter

239 1137 460 1197 sentias
502 1154 571 1197 ac
601 1135 873 1215 loquare:
918 1140 986 1194 ut
1024 1142 1228 1196 noster
1260 1133 1539 1196 Scaevola
1575 1134 1978 1214 Septumuleio
2017 1134 2105 1194 illi
2132 1135 2461 1213 Anagnino,

249 1222 348 1283 cui
375 1238 487 1301 pro
519 1221 579 1282 C.
612 1219 868 1281 Gracchi
898 1220 1089 1298 capite
1120 1226 1248 1279 erat
1277 1237 1488 1280 aurum
1517 1237 1860 1299 repensum,
1897 1220 2151 1297 roganti,
2190 1226 2258 1280 ut
2296 1237 2361 1280 se
2399 1220 2462 1281 in

236 1305 436 1367 Asiam
465 1304 832 1384 praefectum
864 1303 1138 1365 duceret:
1183 1308 1204 1337 ‘
1222 1304 1376 1375 Quid
1415 1302 1524 1364 tibi
1564 1303 1670 1373 vis,
1720 1305 1929 1384 inquit,
1968 1304 2212 1365 insane?
2272 1304 2462 1364 Tanta

236 1388 531 1451 malorum
563 1396 651 1450 est
679 1386 994 1449 multitudo
1024 1389 1257 1459 civium,
1302 1394 1368 1448 ut
1395 1387 1505 1448 tibi
1548 1405 1658 1466 ego
1698 1388 1813 1448 hoc
1856 1389 2220 1459 confirmem,
2265 1390 2315 1448 si
2343 1389 2460 1449 Ro·

235 1492 370 1535 mae
399 1474 710 1543 manseris,
741 1480 800 1534 te
821 1473 1025 1552 paucis
1047 1475 1218 1534 annis
1240 1473 1314 1534 ad
1336 1474 1624 1533 maximas
1645 1474 1928 1551 pecunias
1949 1490 2079 1534 esse
2101 1478 2461 1535 venturum?

235 1559 304 1620 ln
332 1559 448 1620 hoc
479 1576 701 1636 genere
730 1557 991 1618 Fannius
1018 1558 1082 1618 in
1113 1556 1422 1618 annalibus
1463 1558 1587 1619 suis
1614 1556 1957 1618 Africanum
1998 1557 2158 1618 hunc
2184 1556 2459 1618 Aemilia·
2489 1565 2595 1617 270

235 1661 379 1704 num
411 1643 553 1703 dicit
578 1643 760 1703 fuisse
787 1643 1091 1717 eqreyium
1123 1649 1184 1702 et
1212 1642 1440 1704 Graeco
1484 1660 1621 1703 eum
1660 1640 1843 1703 verbo
1884 1639 2141 1722 appellat
2181 1642 2461 1718 εἴρωνας

236 1727 359 1798 sed,
403 1729 486 1788 uti
519 1728 736 1797 ferunt,
778 1728 881 1806 qui
920 1725 1131 1788 melius
1170 1727 1318 1787 haec
1359 1733 1597 1797 norunt,
1641 1727 1954 1791 Socratem,
1991 1727 2204 1805 opinor
2242 1727 2307 1787 in
2348 1725 2463 1799 hac

234 1813 427 1874 ironia
456 1809 1000 1891 dissimulantiaque
1028 1810 1203 1889 longe
1232 1810 1437 1892 lepore
1469 1819 1529 1872 et
1556 1811 1922 1872 humanitate
1966 1810 2243 1873 omnibus
2284 1829 2461 1892 prae-

236 1898 471 1957 stitisse.
561 1897 760 1959 Genus
807 1902 897 1956 est
936 1895 1288 1974 perelegans
1328 1904 1388 1957 et
1430 1914 1566 1957 cum
1607 1897 1894 1974 gravitate
1937 1894 2156 1957 salsum
2209 1914 2463 1976 cumque

237 1982 512 2042 oratoriis
542 1979 898 2041 dictionibus
928 1987 1054 2041 tum
1081 1974 1327 2042 urbanis
1356 1979 1731 2041 sermonibus
1772 1980 2300 2042 accommodatum.
2390 1981 2463 2043 Et
2492 1989 2589 2041 271

236 2065 478 2127 hercule
509 2066 707 2127 omnia
732 2065 899 2136 haec,
931 2083 1082 2145 quae
1112 2083 1146 2126 a
1175 2084 1272 2130 me
1302 2065 1376 2126 de
1406 2065 1637 2126 facetiis
1668 2064 2059 2145 disputantur,
2090 2084 2212 2127 non
2238 2067 2466 2128 maiora

234 2151 561 2212 sorensium
604 2150 904 2212 actionum
956 2168 1132 2230 quam
1186 2151 1454 2221 omnium
1497 2167 1841 2212 sermonum
1884 2150 2265 2213 condimenta
2304 2157 2459 2213 sunt.

301 2388 454 2439 malui
484 2410 550 2424 —
583 2383 801 2453 μᾶλλον
837 2377 1098 2454 εἱλόμην,
1147 2402 1297 2438 wenn

234 2454 313 2505 ich
359 2470 415 2506 es
448 2469 771 2520 vorgezogen
812 2453 971 2515 habe,
1018 2469 1122 2506 von
1169 2456 1296 2506 zwei

236 2522 427 2574 Uebelu
454 2523 547 2572 das
570 2523 794 2572 kleinere
820 2538 885 2572 zu
906 2521 1123 2574 wahlen.

301 2593 473 2642 venire
506 2617 576 2626 —
605 2591 681 2641 als
713 2581 1097 2655 δορυαλωτός,
1146 2605 1295 2641 wenu

235 2659 318 2709 ein
343 2658 556 2708 anderer
572 2656 918 2708 schwficherer
937 2659 1086 2708 Manu
1106 2658 1296 2709 Consul

234 2726 507 2792 geworden
541 2727 693 2793 ware.
741 2741 813 2776 ex
834 2728 1083 2784 aerariis,
1117 2741 1161 2777 s.
1186 2726 1295 2780 ind.

236 2793 532 2844 Mummius.
579 2796 805 2852 lustrum,
831 2808 874 2844 s.
901 2794 1008 2844 ind.

305 2862 475 2912 Tanta
492 2859 682 2925 (woffir
697 2861 885 2910 andere
901 2861 1057 2914 tacita.
1075 2877 1143 2912 zu
1156 2861 1299 2912 lesen

236 2927 593 2993 vorschlagen)
617 2929 755 2977 kann
774 2942 871 2978 nur
887 2929 964 2978 als
984 2930 1110 2990 eine,
1136 2927 1297 2990 durch

233 2997 317 3047 die
342 2994 598 3046 erwahnte
621 2996 852 3046 Antwort
877 2995 1077 3062 Scipion
1110 3010 1296 3046 veran-

235 3064 423 3129 lasste,
471 3061 706 3127 zugleich
742 3078 834 3113 zur
864 3063 1151 3128 Erkliiruug
1183 3064 1295 3114 die-

235 3132 400 3182 nende
434 3130 758 3195 Bemerkung
793 3131 883 3180 des
906 3131 1296 3197 Vortragenden

233 3196 477 3264 (casare)
502 3197 700 3263 gefasst
721 3198 944 3247 werden.

299 3268 548 3331 religione
573 3265 939 3326 obstrinxisse,
975 3266 1127 3326 einen
1150 3265 1297 3315 Banu

234 3333 358 3384 oder
381 3332 540 3383 Fluch
578 3332 684 3383 und
714 3333 767 3382 in
800 3332 957 3397 Folge
992 3334 1180 3383 dessen
1216 3333 1299 3382 die

233 3400 477 3466 gottliche
521 3399 689 3451 Strafe
733 3400 860 3450 iiber
903 3400 995 3449 das
1030 3399 1166 3450 Volk
1206 3414 1299 3464 ge-

232 3467 428 3518 bracht.
479 3466 612 3518 Phil.
638 3466 801 3526 1133,
838 3475 888 3517 83
936 3482 1057 3532 ergo
1090 3465 1297 3519 hercule

234 3550 438 3599 magna,
461 3543 520 3585 ut
538 3549 705 3599 spero,
730 3541 815 3585 tua
838 3535 1010 3599 potius
1029 3550 1179 3600 quam
1197 3535 1299 3584 rei-

233 3603 469 3668 publicae
497 3602 782 3652 calamitate
812 3602 1083 3654 ementitus
1125 3616 1180 3652 es
1209 3616 1303 3651 au-

234 3670 415 3735 spicia,
435 3670 765 3721 obstrinxisti
779 3673 1019 3735 populum
1029 3670 1302 3721 Romanum

233 3738 498 3803 reliqt'one.
536 3737 601 3787 de
627 3737 762 3787 dom.
788 3736 872 3800 26,
898 3747 948 3787 69
972 3752 1038 3788 ne
1062 3738 1175 3801 quis
1201 3738 1301 3787 ori·-

233 3811 372 3855 retur
394 3803 671 3868 aliquando
705 3831 769 3841 -
807 3806 894 3868 qui
927 3806 980 3855 in
1004 3805 1135 3854 meis
1157 3805 1301 3853 aedi-

237 3871 334 3923 bus
366 3871 587 3935 aliquam
620 3872 917 3939 religionem
962 3872 1185 3923 residere
1217 3872 1300 3922 di-

235 3937 389 3991 ceret.
418 3939 563 3991 Caes.
592 3940 646 3989 b.
670 3954 715 3988 c.
745 3942 765 3990 Ι
791 3939 873 4002 11,
897 3950 923 3990 2
944 3947 1003 3990 ut
1024 3940 1069 3990 si
1094 3949 1299 4006 peracto

237 4007 471 4058 Caesaris
529 4007 801 4058 consulatu
846 4008 1122 4075 Pompeius
1180 4022 1298 4073 pro-

235 4073 401 4125 fectus
435 4090 539 4125 non
575 4083 735 4134 esset,
781 4074 919 4124 nulla
952 4075 1118 4125 tamen
1155 4090 1298 4125 men·

235 4142 374 4193 dacii
394 4142 643 4207 religione
668 4143 944 4193 obstrictus
966 4143 1244 4197 videretur.

303 4212 504 4273 ὶευαπῖ,
529 4209 641 4261 Liv.
668 4210 808 4260 XLV
833 4209 899 4260 15
935 4223 1113 4262 omnes
1138 4211 1303 4262 eidem

1397 2388 1462 2438 ab
1482 2394 1701 2451 utroque
1727 2383 1990 2452 (censore)
2018 2402 2046 2435 e
2063 2388 2199 2437 tribu
2214 2389 2392 2439 remoti
2414 2395 2466 2438 et

1397 2456 1580 2506 aerarii
1604 2455 1742 2517 facti,
1768 2470 1932 2518 neque
1955 2455 2129 2514 ullius,
2160 2469 2313 2517 quem
2337 2456 2465 2506 alter

1401 2530 1622 2580 notaret,
1646 2524 1711 2573 ab
1735 2523 1893 2573 altero
1919 2524 2087 2574 levata
2106 2525 2397 2588 iynominia.

1465 2589 1532 2641 67
1546 2629 1559 2651 ,
1594 2599 1689 2640 269.
1747 2591 2102 2650 dis-simularie,
2152 2590 2235 2640 die
2278 2591 2463 2642 Ironie.

1397 2665 1539 2716 ante,
1586 2655 1618 2723 S
1652 2655 1771 2707 262.
1826 2663 1934 2708 toto
1972 2673 2163 2721 uenere
2195 2660 2461 2716 orationis,

1398 2723 1769 2790 durchgiingig.
1855 2740 2059 2785 severe,
2118 2726 2212 2774 mit
2269 2733 2466 2776 ernster

1398 2791 1580 2845 Miene.
1630 2792 1901 2850 Scaevola,
1928 2792 2059 2845 Einl.
2087 2794 2110 2843 I
2132 2794 2165 2855 S
2194 2792 2272 2855 14,
2300 2800 2392 2843 168.

1468 2869 1561 2910 270.
1599 2863 1876 2925 εφερίαηι,
1914 2876 1956 2911 s.
1983 2861 2034 2912 d.
2068 2861 2187 2910 krit.
2222 2859 2461 2927 Anhang.

1399 2928 1421 2977 I
1439 2925 1527 2987 49,
1539 2936 1617 2977 215
1634 2928 1686 2977 in
1704 2929 2062 2993 procuratione
2080 2928 2298 2979 civitatis
2319 2943 2467 2993 egre·

1397 2997 1540 3060 gius,
1569 2995 1708 3045 Brut.
1734 2995 1797 3045 21
1817 3032 1831 3060 ,
1857 3004 1908 3055 8⁴.
1939 2997 1993 3046 in
2018 3009 2119 3060 qna
2154 2996 2256 3056 (sc.
2282 2996 2465 3048 bellica

1396 3063 1574 3180 laude)
1586 3063 1757 3129 egregi
1763 3079 1847 3115 um
1869 3065 2152 3129 reperimus
2163 3063 2327 3116 fuisse
2336 3064 2469 3116 Lae-

1417 3145 1541 3182 ium.

1467 3193 1737 3269 εἴρωνα,
1763 3200 1828 3249 de
1852 3200 1938 3250 off.
1966 3201 1988 3248 I
2012 3198 2099 3262 30,
2124 3207 2201 3250 108
2225 3200 2289 3250 de
2307 3198 2463 3249 Grae-

1399 3267 1474 3318 cis
1497 3275 1669 3317 autem
1705 3266 1906 3317 dulcem
1939 3275 1991 3316 et
2019 3265 2241 3316 facetum
2265 3266 2465 3316 festivi-

1399 3350 1502 3397 que
1526 3334 1793 3395 sermonis,
1819 3340 1970 3397 atque
1995 3334 2046 3383 iu
2074 3334 2213 3383 omni
2238 3334 2466 3394 oratione

1399 3402 1776 3463 simulatorem,
1826 3415 1976 3464 quem
2025 3399 2205 3450 Graeci
2254 3399 2466 3464 εἴρωνα

1402 3470 1754 3527 nominarunt,
1825 3467 2081 3518 Socratem
2153 3467 2464 3532 accepimus.

1401 3537 1541 3586 Brut.
1567 3535 1653 3596 89,
1685 3545 1763 3586 299
1811 3536 1976 3595 Quare
2010 3532 2221 3600 εἴρωνα
2255 3550 2367 3597 me,
2401 3549 2469 3585 ne

1403 3604 1448 3653 si
1469 3603 1743 3661 Africanus
1767 3603 1974 3665 quidem
1997 3602 2114 3661 fuit,
2138 3610 2196 3652 ut
2218 3604 2291 3654 ait
2311 3603 2364 3654 in
2388 3601 2471 3651 bi·

1403 3672 1560 3721 storia
1584 3686 1678 3722 sua
1704 3671 1760 3721 C.
1786 3670 2035 3731 Fannius,
2079 3671 2358 3722 existimari
2381 3685 2470 3719 ve-

1403 3738 1511 3788 lim.
1583 3739 1648 3790 Ut
1679 3738 1851 3795 voles,
1892 3737 2060 3799 iuquit
2092 3738 2320 3802 Atticus3
2369 3751 2467 3802 ego

1404 3807 1538 3855 enim
1567 3820 1667 3856 non
1687 3806 1909 3854 alienum
1928 3819 1960 3853 a
1976 3812 2026 3856 te
2042 3807 2304 3872 putabam,
2329 3806 2469 3867 quod

1405 3882 1454 3923 et
1478 3873 1532 3922 in
1557 3873 1797 3923 Africano
1822 3871 2008 3923 fuisset
2030 3882 2079 3922 et
2101 3874 2155 3922 in
2179 3871 2409 3923 Socrate.

1473 3942 1561 4006 qui
1581 3942 1754 3991 melius
1776 3940 1903 3990 haec
1935 3946 2147 4000 norunt,
2183 3938 2465 3990 besonders

1402 4007 1564 4059 durch
1589 4008 1681 4058 das
1708 4006 1945 4058 Studium
1968 4007 2140 4057 Platos
2166 4005 2262 4071 (111
2285 4007 2337 4070 4,
2366 4004 2461 4071 15),

1402 4077 1496 4125 mit
1513 4076 1627 4124 dem
1643 4075 1709 4125 Cii
1716 4089 1814 4136 sar,
1840 4075 1937 4124 wie
1955 4073 2242 4140 iiberhaupt
2263 4075 2356 4124 mit
2375 4076 2466 4133 der

1404 4141 1892 4208 griech.Litteratur‚
1919 4142 2001 4191 bei
2018 4143 2215 4193 weitem
2241 4140 2382 4192 nicht
2404 4156 2463 4193 so

1404 4216 1631 4264 vertraut
1653 4224 1783 4273 war,
1809 4209 1884 4260 als
1912 4226 1955 4262 z.
1983 4209 2040 4260 B.
2068 4211 2179 4261 sein
2202 4210 2417 4264 Bruder.
2479 4207 2496 4213 “
