<?xml version="1.0" encoding="UTF-8"?>
<!DOCTYPE html PUBLIC "-//W3C//DTD XHTML 1.0 Transitional//EN"
    "http://www.w3.org/TR/xhtml1/DTD/xhtml1-transitional.dtd">
<html xmlns="http://www.w3.org/1999/xhtml" xml:lang="en" lang="en">
 <head>
  <title>
</title>
<meta http-equiv="Content-Type" content="text/html;charset=utf-8" />
  <meta name='ocr-system' content='tesseract 3.04.00' />
  <meta name='ocr-capabilities' content='ocr_page ocr_carea ocr_par ocr_line ocrx_word'/>
</head>
<body>
  <div class='ocr_page' id='page_1' title='image "./deoratore00pidegoog_0145.png"; bbox 0 0 2930 4693; ppageno 0'>
   <div class='ocr_carea' id='block_1_1' title="bbox 873 249 1870 314">
    <p class='ocr_par' dir='ltr' id='par_1_1' title="bbox 873 249 1870 314">
     <span class='ocr_line' id='line_1_1' title="bbox 873 249 1870 314; baseline -0.004 0"><span class='ocrx_word' id='word_1_1' title='bbox 873 250 973 314; x_wconf 77' lang='lat' dir='ltr'><strong>DE</strong></span> <span class='ocrx_word' id='word_1_2' title='bbox 1003 249 1411 314; x_wconf 83' lang='lat' dir='ltr'>ORATOREI</span> <span class='ocrx_word' id='word_1_3' title='bbox 1465 252 1568 313; x_wconf 87' lang='lat'><strong>51.</strong></span> <span class='ocrx_word' id='word_1_4' title='bbox 1601 257 1721 310; x_wconf 82' lang='lat'><strong>219.</strong></span> <span class='ocrx_word' id='word_1_5' title='bbox 1752 258 1870 310; x_wconf 90' lang='grc'><strong>220.</strong></span> 
     </span>
    </p>
   </div>
   <div class='ocr_carea' id='block_1_2' title="bbox 2404 255 2485 316">
    <p class='ocr_par' dir='ltr' id='par_1_2' title="bbox 2404 255 2485 316">
     <span class='ocr_line' id='line_1_2' title="bbox 2404 255 2485 316; baseline 0.012 -1"><span class='ocrx_word' id='word_1_6' title='bbox 2404 255 2485 316; x_wconf 87' lang='grc'><strong>77</strong></span> 
     </span>
    </p>
   </div>
   <div class='ocr_carea' id='block_1_3' title="bbox 264 420 2484 588">
    <p class='ocr_par' dir='ltr' id='par_1_3' title="bbox 264 420 2484 588">
     <span class='ocr_line' id='line_1_3' title="bbox 266 420 2484 503; baseline -0.001 -18"><span class='ocrx_word' id='word_1_7' title='bbox 266 421 540 485; x_wconf 88' lang='lat' dir='ltr'><strong>callidum</strong></span> <span class='ocrx_word' id='word_1_8' title='bbox 570 421 867 503; x_wconf 83' lang='lat' dir='ltr'>quendam</span> <span class='ocrx_word' id='word_1_9' title='bbox 896 422 1056 483; x_wconf 89' lang='lat' dir='ltr'><strong>hunc</strong></span> <span class='ocrx_word' id='word_1_10' title='bbox 1087 429 1146 483; x_wconf 88' lang='lat' dir='ltr'><strong>et</strong></span> <span class='ocrx_word' id='word_1_11' title='bbox 1168 421 1328 483; x_wconf 88' lang='lat' dir='ltr'><strong>nulla</strong></span> <span class='ocrx_word' id='word_1_12' title='bbox 1357 424 1418 483; x_wconf 93' lang='lat' dir='ltr'><strong>in</strong></span> <span class='ocrx_word' id='word_1_13' title='bbox 1447 440 1516 483; x_wconf 91' lang='lat' dir='ltr'><strong>re</strong></span> <span class='ocrx_word' id='word_1_14' title='bbox 1544 423 1802 484; x_wconf 90' lang='lat' dir='ltr'><strong>tironem</strong></span> <span class='ocrx_word' id='word_1_15' title='bbox 1834 440 1902 483; x_wconf 85' lang='lat' dir='ltr'><strong>ac</strong></span> <span class='ocrx_word' id='word_1_16' title='bbox 1930 420 2139 483; x_wconf 90' lang='lat' dir='ltr'><strong>rudem</strong></span> <span class='ocrx_word' id='word_1_17' title='bbox 2170 439 2280 483; x_wconf 90' lang='lat' dir='ltr'><strong>nec</strong></span> <span class='ocrx_word' id='word_1_18' title='bbox 2310 440 2484 502; x_wconf 91' lang='lat' dir='ltr'><strong>pere-</strong></span> 
     </span>
     <span class='ocr_line' id='line_1_4' title="bbox 264 506 1810 588; baseline 0.001 -20"><span class='ocrx_word' id='word_1_19' title='bbox 264 510 501 588; x_wconf 85' lang='lat' dir='ltr'><strong>grinum</strong></span> <span class='ocrx_word' id='word_1_20' title='bbox 532 514 706 588; x_wconf 89' lang='lat' dir='ltr'><strong>atque</strong></span> <span class='ocrx_word' id='word_1_21' title='bbox 735 507 1027 586; x_wconf 83' lang='lat' dir='ltr'><strong>hospitem</strong></span> <span class='ocrx_word' id='word_1_22' title='bbox 1058 508 1119 567; x_wconf 89' lang='lat' dir='ltr'><strong>in</strong></span> <span class='ocrx_word' id='word_1_23' title='bbox 1151 508 1380 586; x_wconf 86' lang='lat' dir='ltr'><strong>agendo</strong></span> <span class='ocrx_word' id='word_1_24' title='bbox 1412 526 1541 569; x_wconf 90' lang='lat' dir='ltr'><strong>esse</strong></span> <span class='ocrx_word' id='word_1_25' title='bbox 1573 506 1810 569; x_wconf 88' lang='lat' dir='ltr'><strong>debere.</strong></span> 
     </span>
    </p>
   </div>
   <div class='ocr_carea' id='block_1_4' title="bbox 433 589 2657 674">
    <p class='ocr_par' dir='ltr' id='par_1_4' title="bbox 433 589 2657 674">
     <span class='ocr_line' id='line_1_5' title="bbox 433 589 2657 674; baseline 0 -21"><span class='ocrx_word' id='word_1_26' title='bbox 433 593 636 672; x_wconf 81' lang='lat' dir='ltr'><strong>Neque</strong></span> <span class='ocrx_word' id='word_1_27' title='bbox 657 593 944 653; x_wconf 88' lang='lat' dir='ltr'><strong>veroistis</strong></span> <span class='ocrx_word' id='word_1_28' title='bbox 965 593 1283 671; x_wconf 87' lang='lat' dir='ltr'><strong>tragoediis</strong></span> <span class='ocrx_word' id='word_1_29' title='bbox 1311 595 1443 664; x_wconf 82' lang='lat' dir='ltr'><strong>tuiS,</strong></span> <span class='ocrx_word' id='word_1_30' title='bbox 1478 593 1690 674; x_wconf 87' lang='lat' dir='ltr'><strong>quibus</strong></span> <span class='ocrx_word' id='word_1_31' title='bbox 1719 593 1805 653; x_wconf 90' lang='lat' dir='ltr'><strong>uti</strong></span> <span class='ocrx_word' id='word_1_32' title='bbox 1820 591 2158 674; x_wconf 83' lang='lat' dir='ltr'><strong>philosophi</strong></span> <span class='ocrx_word' id='word_1_33' title='bbox 2188 594 2442 654; x_wconf 84' lang='lat' dir='ltr'><strong>maxime</strong></span> <span class='ocrx_word' id='word_1_34' title='bbox 2454 589 2538 663; x_wconf 81' lang='grc'><strong>51</strong></span> <span class='ocrx_word' id='word_1_35' title='bbox 2554 600 2657 653; x_wconf 85' lang='grc'><strong>219</strong></span> 
     </span>
    </p>
   </div>
   <div class='ocr_carea' id='block_1_5' title="bbox 263 676 2487 1527">
    <p class='ocr_par' dir='ltr' id='par_1_5' title="bbox 263 676 2487 1527">
     <span class='ocr_line' id='line_1_6' title="bbox 266 676 2485 758; baseline 0 -18"><span class='ocrx_word' id='word_1_36' title='bbox 266 679 488 748; x_wconf 81' lang='lat' dir='ltr'><strong>solent,</strong></span> <span class='ocrx_word' id='word_1_37' title='bbox 521 676 757 749; x_wconf 78' lang='lat' dir='ltr'><strong>Crasse,</strong></span> <span class='ocrx_word' id='word_1_38' title='bbox 788 677 1135 758; x_wconf 85' lang='lat' dir='ltr'><strong>perturbor,</strong></span> <span class='ocrx_word' id='word_1_39' title='bbox 1169 678 1322 758; x_wconf 90' lang='lat' dir='ltr'><strong>quod</strong></span> <span class='ocrx_word' id='word_1_40' title='bbox 1355 679 1434 739; x_wconf 85' lang='lat' dir='ltr'><strong>ita</strong></span> <span class='ocrx_word' id='word_1_41' title='bbox 1467 677 1696 758; x_wconf 81' lang='lat' dir='ltr'><strong>dixisti,</strong></span> <span class='ocrx_word' id='word_1_42' title='bbox 1739 679 2038 738; x_wconf 88' lang='lat' dir='ltr'><strong>neminem</strong></span> <span class='ocrx_word' id='word_1_43' title='bbox 2072 696 2246 758; x_wconf 91' lang='lat' dir='ltr'><strong>posse</strong></span> <span class='ocrx_word' id='word_1_44' title='bbox 2279 696 2485 740; x_wconf 88' lang='lat' dir='ltr'><strong>eorum</strong></span> 
     </span>
     <span class='ocr_line' id='line_1_7' title="bbox 265 761 2486 843; baseline -0.001 -17"><span class='ocrx_word' id='word_1_45' title='bbox 265 771 524 834; x_wconf 82' lang='lat' dir='ltr'><strong>mentes,</strong></span> <span class='ocrx_word' id='word_1_46' title='bbox 578 764 678 843; x_wconf 91' lang='lat' dir='ltr'><strong>qui</strong></span> <span class='ocrx_word' id='word_1_47' title='bbox 735 763 1035 832; x_wconf 85' lang='lat' dir='ltr'><strong>audirent,</strong></span> <span class='ocrx_word' id='word_1_48' title='bbox 1091 770 1191 823; x_wconf 89' lang='lat' dir='ltr'><strong>aut</strong></span> <span class='ocrx_word' id='word_1_49' title='bbox 1229 763 1599 824; x_wconf 85' lang='lat' dir='ltr'><strong>inflammare</strong></span> <span class='ocrx_word' id='word_1_50' title='bbox 1643 761 1893 825; x_wconf 91' lang='lat' dir='ltr'><strong>dicendo</strong></span> <span class='ocrx_word' id='word_1_51' title='bbox 1945 770 2045 823; x_wconf 89' lang='lat' dir='ltr'><strong>aut</strong></span> <span class='ocrx_word' id='word_1_52' title='bbox 2093 763 2486 824; x_wconf 88' lang='lat' dir='ltr'><strong>inflammatas</strong></span> 
     </span>
     <span class='ocr_line' id='line_1_8' title="bbox 264 846 2478 928; baseline -0 -18"><span class='ocrx_word' id='word_1_53' title='bbox 264 850 663 928; x_wconf 83' lang='lat' dir='ltr'><strong>restinguere,</strong></span> <span class='ocrx_word' id='word_1_54' title='bbox 711 867 842 909; x_wconf 89' lang='lat' dir='ltr'><strong>cnm</strong></span> <span class='ocrx_word' id='word_1_55' title='bbox 891 866 960 908; x_wconf 92' lang='lat' dir='ltr'><strong>eo</strong></span> <span class='ocrx_word' id='word_1_56' title='bbox 1005 849 1259 909; x_wconf 83' lang='lat' dir='ltr'><strong>maxime</strong></span> <span class='ocrx_word' id='word_1_57' title='bbox 1288 850 1373 908; x_wconf 92' lang='lat' dir='ltr'><strong>vis</strong></span> <span class='ocrx_word' id='word_1_58' title='bbox 1402 849 1657 908; x_wconf 89' lang='lat' dir='ltr'><strong>oratoris</strong></span> <span class='ocrx_word' id='word_1_59' title='bbox 1686 846 2148 928; x_wconf 84' lang='lat' dir='ltr'><strong>magnitudoque</strong></span> <span class='ocrx_word' id='word_1_60' title='bbox 2179 855 2478 918; x_wconf 82' lang='lat' dir='ltr'><strong>cernatur,</strong></span> 
     </span>
     <span class='ocr_line' id='line_1_9' title="bbox 263 934 2486 1015; baseline -0.001 -20"><span class='ocrx_word' id='word_1_61' title='bbox 263 936 377 996; x_wconf 88' lang='lat' dir='ltr'><strong>nisi</strong></span> <span class='ocrx_word' id='word_1_62' title='bbox 428 934 528 1015; x_wconf 90' lang='lat' dir='ltr'><strong>qni</strong></span> <span class='ocrx_word' id='word_1_63' title='bbox 578 934 883 994; x_wconf 89' lang='lat' dir='ltr'><strong>hominum</strong></span> <span class='ocrx_word' id='word_1_64' title='bbox 950 940 1190 994; x_wconf 89' lang='lat' dir='ltr'><strong>naturas</strong></span> <span class='ocrx_word' id='word_1_65' title='bbox 1211 980 1227 1003; x_wconf 91' lang='lat'><strong>,</strong></span> <span class='ocrx_word' id='word_1_66' title='bbox 1280 951 1477 993; x_wconf 89' lang='lat' dir='ltr'><strong>mores</strong></span> <span class='ocrx_word' id='word_1_67' title='bbox 1520 941 1704 1013; x_wconf 84' lang='lat' dir='ltr'><strong>atque</strong></span> <span class='ocrx_word' id='word_1_68' title='bbox 1752 934 2011 993; x_wconf 88' lang='lat' dir='ltr'><strong>rationes</strong></span> <span class='ocrx_word' id='word_1_69' title='bbox 2062 934 2296 1013; x_wconf 91' lang='lat' dir='ltr'><strong>penitus</strong></span> <span class='ocrx_word' id='word_1_70' title='bbox 2347 951 2486 1012; x_wconf 88' lang='lat' dir='ltr'><strong>per-</strong></span> 
     </span>
     <span class='ocr_line' id='line_1_10' title="bbox 265 1016 2482 1102; baseline -0.001 -21"><span class='ocrx_word' id='word_1_71' title='bbox 265 1021 554 1102; x_wconf 85' lang='lat' dir='ltr'><strong>spexerit,</strong></span> <span class='ocrx_word' id='word_1_72' title='bbox 615 1020 679 1078; x_wconf 91' lang='lat' dir='ltr'><strong>in</strong></span> <span class='ocrx_word' id='word_1_73' title='bbox 738 1036 854 1098; x_wconf 92' lang='lat' dir='ltr'><strong>quo</strong></span> <span class='ocrx_word' id='word_1_74' title='bbox 913 1016 1284 1098; x_wconf 86' lang='lat' dir='ltr'><strong>philosophia</strong></span> <span class='ocrx_word' id='word_1_75' title='bbox 1342 1019 1418 1078; x_wconf 92' lang='lat' dir='ltr'><strong>sit</strong></span> <span class='ocrx_word' id='word_1_76' title='bbox 1476 1020 1698 1079; x_wconf 89' lang='lat' dir='ltr'><strong>oratori</strong></span> <span class='ocrx_word' id='word_1_77' title='bbox 1756 1018 2090 1078; x_wconf 91' lang='lat' dir='ltr'><strong>necessario</strong></span> <span class='ocrx_word' id='word_1_78' title='bbox 2148 1019 2482 1099; x_wconf 90' lang='lat' dir='ltr'><strong>percipien-</strong></span> 
     </span>
     <span class='ocr_line' id='line_1_11' title="bbox 266 1103 2484 1185; baseline -0.002 -18"><span class='ocrx_word' id='word_1_79' title='bbox 266 1106 366 1176; x_wconf 89' lang='lat' dir='ltr'><strong>da;</strong></span> <span class='ocrx_word' id='word_1_80' title='bbox 414 1122 529 1185; x_wconf 92' lang='lat' dir='ltr'><strong>quo</strong></span> <span class='ocrx_word' id='word_1_81' title='bbox 569 1106 633 1164; x_wconf 90' lang='lat' dir='ltr'><strong>in</strong></span> <span class='ocrx_word' id='word_1_82' title='bbox 674 1103 866 1164; x_wconf 88' lang='lat' dir='ltr'><strong>studio</strong></span> <span class='ocrx_word' id='word_1_83' title='bbox 907 1103 1216 1164; x_wconf 91' lang='lat' dir='ltr'><strong>hominum</strong></span> <span class='ocrx_word' id='word_1_84' title='bbox 1256 1121 1490 1183; x_wconf 92' lang='lat' dir='ltr'><strong>quoque</strong></span> <span class='ocrx_word' id='word_1_85' title='bbox 1533 1104 2144 1182; x_wconf 83' lang='lat' dir='ltr'><strong>ingeniosissimorum</strong></span> <span class='ocrx_word' id='word_1_86' title='bbox 2198 1104 2484 1164; x_wconf 88' lang='lat' dir='ltr'><strong>otiosissi-</strong></span> 
     </span>
     <span class='ocr_line' id='line_1_12' title="bbox 265 1187 2486 1270; baseline -0.001 -18"><span class='ocrx_word' id='word_1_87' title='bbox 265 1207 615 1270; x_wconf 89' lang='lat' dir='ltr'><strong>morumque</strong></span> <span class='ocrx_word' id='word_1_88' title='bbox 674 1196 825 1250; x_wconf 89' lang='lat' dir='ltr'><strong>totas</strong></span> <span class='ocrx_word' id='word_1_89' title='bbox 884 1194 1103 1249; x_wconf 89' lang='lat' dir='ltr'><strong>aetates</strong></span> <span class='ocrx_word' id='word_1_90' title='bbox 1160 1187 1424 1249; x_wconf 89' lang='lat' dir='ltr'><strong>videmus</strong></span> <span class='ocrx_word' id='word_1_91' title='bbox 1484 1207 1612 1249; x_wconf 91' lang='lat' dir='ltr'><strong>esse</strong></span> <span class='ocrx_word' id='word_1_92' title='bbox 1672 1190 2003 1257; x_wconf 86' lang='lat' dir='ltr'><strong>contritas;</strong></span> <span class='ocrx_word' id='word_1_93' title='bbox 2065 1206 2317 1268; x_wconf 91' lang='lat' dir='ltr'><strong>quorum</strong></span> <span class='ocrx_word' id='word_1_94' title='bbox 2376 1205 2486 1267; x_wconf 88' lang='lat' dir='ltr'><strong>ego</strong></span> 
     </span>
     <span class='ocr_line' id='line_1_13' title="bbox 266 1273 2487 1357; baseline -0.002 -20"><span class='ocrx_word' id='word_1_95' title='bbox 266 1277 494 1357; x_wconf 88' lang='lat' dir='ltr'><strong>copiam</strong></span> <span class='ocrx_word' id='word_1_96' title='bbox 533 1273 1113 1354; x_wconf 88' lang='lat' dir='ltr'><strong>magnitudinemque</strong></span> <span class='ocrx_word' id='word_1_97' title='bbox 1154 1274 1507 1351; x_wconf 82' lang='lat' dir='ltr'><strong>cognitionis</strong></span> <span class='ocrx_word' id='word_1_98' title='bbox 1561 1281 1734 1353; x_wconf 88' lang='lat' dir='ltr'><strong>atque</strong></span> <span class='ocrx_word' id='word_1_99' title='bbox 1790 1275 1932 1333; x_wconf 89' lang='lat' dir='ltr'><strong>artis</strong></span> <span class='ocrx_word' id='word_1_100' title='bbox 1975 1290 2093 1333; x_wconf 91' lang='lat' dir='ltr'><strong>non</strong></span> <span class='ocrx_word' id='word_1_101' title='bbox 2140 1273 2317 1333; x_wconf 91' lang='lat' dir='ltr'><strong>modo</strong></span> <span class='ocrx_word' id='word_1_102' title='bbox 2365 1290 2487 1333; x_wconf 92' lang='lat' dir='ltr'><strong>non</strong></span> 
     </span>
     <span class='ocr_line' id='line_1_14' title="bbox 268 1357 2487 1438; baseline -0.001 -17"><span class='ocrx_word' id='word_1_103' title='bbox 268 1367 598 1430; x_wconf 85' lang='lat' dir='ltr'><strong>contemno,</strong></span> <span class='ocrx_word' id='word_1_104' title='bbox 633 1359 734 1419; x_wconf 90' lang='lat' dir='ltr'><strong>sed</strong></span> <span class='ocrx_word' id='word_1_105' title='bbox 767 1360 941 1420; x_wconf 90' lang='lat' dir='ltr'><strong>etiam</strong></span> <span class='ocrx_word' id='word_1_106' title='bbox 964 1358 1345 1419; x_wconf 90' lang='lat' dir='ltr'><strong>vehementer</strong></span> <span class='ocrx_word' id='word_1_107' title='bbox 1369 1358 1662 1428; x_wconf 87' lang='lat' dir='ltr'><strong>admiror;</strong></span> <span class='ocrx_word' id='word_1_108' title='bbox 1696 1357 1869 1419; x_wconf 87' lang='lat' dir='ltr'><strong>nobis</strong></span> <span class='ocrx_word' id='word_1_109' title='bbox 1899 1364 2115 1427; x_wconf 90' lang='lat' dir='ltr'><strong>tamen,</strong></span> <span class='ocrx_word' id='word_1_110' title='bbox 2148 1359 2249 1438; x_wconf 91' lang='lat' dir='ltr'><strong>qui</strong></span> <span class='ocrx_word' id='word_1_111' title='bbox 2278 1359 2341 1418; x_wconf 92' lang='lat' dir='ltr'><strong>in</strong></span> <span class='ocrx_word' id='word_1_112' title='bbox 2372 1358 2487 1419; x_wconf 89' lang='lat' dir='ltr'><strong>hoc</strong></span> 
     </span>
     <span class='ocr_line' id='line_1_15' title="bbox 266 1443 2487 1527; baseline -0.001 -20"><span class='ocrx_word' id='word_1_113' title='bbox 266 1444 484 1527; x_wconf 91' lang='lat' dir='ltr'><strong>populo</strong></span> <span class='ocrx_word' id='word_1_114' title='bbox 512 1444 760 1525; x_wconf 88' lang='lat' dir='ltr'><strong>foroque</strong></span> <span class='ocrx_word' id='word_1_115' title='bbox 792 1462 1113 1514; x_wconf 85' lang='lat' dir='ltr'><strong>versamur,</strong></span> <span class='ocrx_word' id='word_1_116' title='bbox 1147 1444 1287 1505; x_wconf 89' lang='lat' dir='ltr'><strong>satis</strong></span> <span class='ocrx_word' id='word_1_117' title='bbox 1319 1451 1407 1504; x_wconf 87' lang='lat' dir='ltr'><strong>est</strong></span> <span class='ocrx_word' id='word_1_118' title='bbox 1427 1462 1495 1504; x_wconf 91' lang='lat' dir='ltr'><strong>ea</strong></span> <span class='ocrx_word' id='word_1_119' title='bbox 1520 1444 1593 1504; x_wconf 94' lang='lat' dir='ltr'><strong>de</strong></span> <span class='ocrx_word' id='word_1_120' title='bbox 1614 1443 1878 1504; x_wconf 90' lang='lat' dir='ltr'><strong>moribus</strong></span> <span class='ocrx_word' id='word_1_121' title='bbox 1907 1443 2210 1503; x_wconf 88' lang='lat' dir='ltr'><strong>hominum</strong></span> <span class='ocrx_word' id='word_1_122' title='bbox 2245 1448 2305 1502; x_wconf 88' lang='lat' dir='ltr'><strong>et</strong></span> <span class='ocrx_word' id='word_1_123' title='bbox 2333 1445 2487 1504; x_wconf 89' lang='lat' dir='ltr'><strong>scire</strong></span> 
     </span>
    </p>
   </div>
   <div class='ocr_carea' id='block_1_6' title="bbox 268 1526 2040 1609">
    <p class='ocr_par' dir='ltr' id='par_1_6' title="bbox 268 1526 2040 1609">
     <span class='ocr_line' id='line_1_16' title="bbox 268 1526 2040 1609; baseline -0.003 -17"><span class='ocrx_word' id='word_1_124' title='bbox 268 1539 327 1592; x_wconf 90' lang='lat' dir='ltr'><strong>et</strong></span> <span class='ocrx_word' id='word_1_125' title='bbox 355 1531 552 1591; x_wconf 88' lang='lat' dir='ltr'><strong>dicere</strong></span> <span class='ocrx_word' id='word_1_126' title='bbox 570 1578 584 1600; x_wconf 93' lang='lat'><strong>,</strong></span> <span class='ocrx_word' id='word_1_127' title='bbox 630 1546 781 1609; x_wconf 91' lang='lat' dir='ltr'><strong>quae</strong></span> <span class='ocrx_word' id='word_1_128' title='bbox 809 1547 930 1590; x_wconf 90' lang='lat' dir='ltr'><strong>non</strong></span> <span class='ocrx_word' id='word_1_129' title='bbox 960 1528 1286 1591; x_wconf 86' lang='lat' dir='ltr'><strong>abhorrent</strong></span> <span class='ocrx_word' id='word_1_130' title='bbox 1316 1527 1388 1588; x_wconf 89' lang='lat' dir='ltr'><strong>ab</strong></span> <span class='ocrx_word' id='word_1_131' title='bbox 1419 1529 1726 1589; x_wconf 91' lang='lat' dir='ltr'><strong>hominum</strong></span> <span class='ocrx_word' id='word_1_132' title='bbox 1756 1526 2040 1588; x_wconf 77' lang='lat' dir='ltr'><strong>moribus,</strong></span> 
     </span>
    </p>
   </div>
   <div class='ocr_carea' id='block_1_7' title="bbox 265 1612 2567 2208">
    <p class='ocr_par' dir='ltr' id='par_1_7' title="bbox 265 1612 2567 2208">
     <span class='ocr_line' id='line_1_17' title="bbox 265 1612 2485 1697; baseline -0.002 -19"><span class='ocrx_word' id='word_1_133' title='bbox 265 1634 543 1697; x_wconf 89' lang='lat' dir='ltr'><strong>umquam</strong></span> <span class='ocrx_word' id='word_1_134' title='bbox 588 1621 787 1675; x_wconf 87' lang='lat' dir='ltr'><strong>orator</strong></span> <span class='ocrx_word' id='word_1_135' title='bbox 806 1632 1055 1692; x_wconf 90' lang='lat' dir='ltr'><strong>magnus</strong></span> <span class='ocrx_word' id='word_1_136' title='bbox 1089 1620 1149 1674; x_wconf 87' lang='lat' dir='ltr'><strong>et</strong></span> <span class='ocrx_word' id='word_1_137' title='bbox 1188 1615 1406 1692; x_wconf 77' lang='lat' dir='ltr'><strong>graviS,</strong></span> <span class='ocrx_word' id='word_1_138' title='bbox 1441 1631 1577 1674; x_wconf 90' lang='lat' dir='ltr'><strong>cum</strong></span> <span class='ocrx_word' id='word_1_139' title='bbox 1609 1614 1824 1675; x_wconf 86' lang='lat' dir='ltr'><strong>iratum</strong></span> <span class='ocrx_word' id='word_1_140' title='bbox 1867 1612 2201 1674; x_wconf 88' lang='lat' dir='ltr'><strong>adversario</strong></span> <span class='ocrx_word' id='word_1_141' title='bbox 2229 1612 2485 1673; x_wconf 89' lang='lat' dir='ltr'><strong>iudicem</strong></span> 
     </span>
     <span class='ocr_line' id='line_1_18' title="bbox 268 1697 2490 1778; baseline -0.003 -15"><span class='ocrx_word' id='word_1_142' title='bbox 268 1703 464 1763; x_wconf 85' lang='lat' dir='ltr'><strong>facere</strong></span> <span class='ocrx_word' id='word_1_143' title='bbox 491 1699 693 1770; x_wconf 88' lang='lat' dir='ltr'><strong>vellet,</strong></span> <span class='ocrx_word' id='word_1_144' title='bbox 727 1699 1033 1760; x_wconf 84' lang='lat' dir='ltr'><strong>haesitavit</strong></span> <span class='ocrx_word' id='word_1_145' title='bbox 1062 1697 1137 1759; x_wconf 88' lang='lat' dir='ltr'><strong>oh</strong></span> <span class='ocrx_word' id='word_1_146' title='bbox 1170 1716 1300 1759; x_wconf 89' lang='lat' dir='ltr'><strong>eam</strong></span> <span class='ocrx_word' id='word_1_147' title='bbox 1332 1716 1598 1769; x_wconf 89' lang='lat' dir='ltr'><strong>causam,</strong></span> <span class='ocrx_word' id='word_1_148' title='bbox 1644 1697 1802 1778; x_wconf 90' lang='lat' dir='ltr'><strong>quod</strong></span> <span class='ocrx_word' id='word_1_149' title='bbox 1831 1699 2119 1769; x_wconf 87' lang='lat' dir='ltr'><strong>nesciret,</strong></span> <span class='ocrx_word' id='word_1_150' title='bbox 2163 1697 2304 1778; x_wconf 89' lang='lat' dir='ltr'><strong>quid</strong></span> <span class='ocrx_word' id='word_1_151' title='bbox 2335 1704 2490 1759; x_wconf 90' lang='lat' dir='ltr'><strong>esset</strong></span> 
     </span>
     <span class='ocr_line' id='line_1_19' title="bbox 269 1781 2486 1863; baseline -0.002 -16"><span class='ocrx_word' id='word_1_152' title='bbox 269 1786 602 1855; x_wconf 86' lang='lat' dir='ltr'><strong>iracundia,</strong></span> <span class='ocrx_word' id='word_1_153' title='bbox 647 1784 922 1845; x_wconf 80' lang='lat' dir='ltr'><strong>fervorne</strong></span> <span class='ocrx_word' id='word_1_154' title='bbox 961 1785 1178 1845; x_wconf 90' lang='lat' dir='ltr'><strong>mentis</strong></span> <span class='ocrx_word' id='word_1_155' title='bbox 1217 1801 1292 1844; x_wconf 87' lang='lat' dir='ltr'><strong>an</strong></span> <span class='ocrx_word' id='word_1_156' title='bbox 1331 1782 1621 1863; x_wconf 89' lang='lat' dir='ltr'><strong>cupiditas</strong></span> <span class='ocrx_word' id='word_1_157' title='bbox 1664 1782 1948 1863; x_wconf 91' lang='lat' dir='ltr'><strong>puniendi</strong></span> <span class='ocrx_word' id='word_1_158' title='bbox 1998 1781 2255 1843; x_wconf 75' lang='lat' dir='ltr'><strong>doloris?</strong></span> <span class='ocrx_word' id='word_1_159' title='bbox 2326 1782 2486 1855; x_wconf 86' lang='lat' dir='ltr'><strong>Quis,</strong></span> 
     </span>
     <span class='ocr_line' id='line_1_20' title="bbox 270 1866 2486 1948; baseline -0.003 -15"><span class='ocrx_word' id='word_1_160' title='bbox 270 1891 404 1933; x_wconf 89' lang='lat' dir='ltr'><strong>cum</strong></span> <span class='ocrx_word' id='word_1_161' title='bbox 434 1877 665 1931; x_wconf 88' lang='lat' dir='ltr'><strong>ceteros</strong></span> <span class='ocrx_word' id='word_1_162' title='bbox 685 1871 1016 1931; x_wconf 87' lang='lat' dir='ltr'><strong>animorum</strong></span> <span class='ocrx_word' id='word_1_163' title='bbox 1045 1876 1240 1930; x_wconf 87' lang='lat' dir='ltr'><strong>motus</strong></span> <span class='ocrx_word' id='word_1_164' title='bbox 1271 1875 1369 1929; x_wconf 87' lang='lat' dir='ltr'><strong>aut</strong></span> <span class='ocrx_word' id='word_1_165' title='bbox 1396 1867 1690 1929; x_wconf 88' lang='lat' dir='ltr'><strong>iudicibus</strong></span> <span class='ocrx_word' id='word_1_166' title='bbox 1720 1874 1820 1929; x_wconf 89' lang='lat' dir='ltr'><strong>aut</strong></span> <span class='ocrx_word' id='word_1_167' title='bbox 1847 1866 2065 1948; x_wconf 91' lang='lat' dir='ltr'><strong>populo</strong></span> <span class='ocrx_word' id='word_1_168' title='bbox 2097 1867 2347 1930; x_wconf 90' lang='lat' dir='ltr'><strong>dicendo</strong></span> <span class='ocrx_word' id='word_1_169' title='bbox 2376 1869 2486 1929; x_wconf 90' lang='lat' dir='ltr'><strong>mi-</strong></span> 
     </span>
     <span class='ocr_line' id='line_1_21' title="bbox 267 1951 2486 2036; baseline -0.004 -17"><span class='ocrx_word' id='word_1_170' title='bbox 267 1975 437 2019; x_wconf 89' lang='lat' dir='ltr'><strong>scere</strong></span> <span class='ocrx_word' id='word_1_171' title='bbox 469 1962 640 2036; x_wconf 89' lang='lat' dir='ltr'><strong>atque</strong></span> <span class='ocrx_word' id='word_1_172' title='bbox 670 1956 896 2034; x_wconf 88' lang='lat' dir='ltr'><strong>agitare</strong></span> <span class='ocrx_word' id='word_1_173' title='bbox 926 1952 1131 2025; x_wconf 87' lang='lat' dir='ltr'><strong>vellet,</strong></span> <span class='ocrx_word' id='word_1_174' title='bbox 1166 1972 1233 2014; x_wconf 87' lang='lat' dir='ltr'><strong>ea</strong></span> <span class='ocrx_word' id='word_1_175' title='bbox 1265 1953 1436 2024; x_wconf 88' lang='lat' dir='ltr'><strong>dixit,</strong></span> <span class='ocrx_word' id='word_1_176' title='bbox 1470 1971 1622 2033; x_wconf 92' lang='lat' dir='ltr'><strong>quae</strong></span> <span class='ocrx_word' id='word_1_177' title='bbox 1652 1972 1685 2014; x_wconf 88' lang='lat' dir='ltr'><strong>a</strong></span> <span class='ocrx_word' id='word_1_178' title='bbox 1714 1951 2082 2034; x_wconf 90' lang='lat' dir='ltr'><strong>philosophis</strong></span> <span class='ocrx_word' id='word_1_179' title='bbox 2113 1952 2230 2013; x_wconf 90' lang='lat' dir='ltr'><strong>dici</strong></span> <span class='ocrx_word' id='word_1_180' title='bbox 2258 1952 2486 2014; x_wconf 84' lang='lat' dir='ltr'><strong>solent?</strong></span> 
     </span>
     <span class='ocr_line' id='line_1_22' title="bbox 266 2037 2488 2123; baseline -0.003 -20"><span class='ocrx_word' id='word_1_181' title='bbox 266 2044 368 2123; x_wconf 90' lang='lat' dir='ltr'><strong>qui</strong></span> <span class='ocrx_word' id='word_1_182' title='bbox 396 2043 610 2122; x_wconf 85' lang='lat' dir='ltr'><strong>partim</strong></span> <span class='ocrx_word' id='word_1_183' title='bbox 643 2041 883 2100; x_wconf 89' lang='lat' dir='ltr'><strong>omnino</strong></span> <span class='ocrx_word' id='word_1_184' title='bbox 913 2045 1109 2100; x_wconf 84' lang='lat' dir='ltr'><strong>motus</strong></span> <span class='ocrx_word' id='word_1_185' title='bbox 1138 2045 1357 2117; x_wconf 87' lang='lat' dir='ltr'><strong>negant</strong></span> <span class='ocrx_word' id='word_1_186' title='bbox 1396 2039 1459 2099; x_wconf 91' lang='lat' dir='ltr'><strong>in</strong></span> <span class='ocrx_word' id='word_1_187' title='bbox 1490 2039 1700 2100; x_wconf 89' lang='lat' dir='ltr'><strong>animis</strong></span> <span class='ocrx_word' id='word_1_188' title='bbox 1729 2037 1880 2099; x_wconf 89' lang='lat' dir='ltr'><strong>ullos</strong></span> <span class='ocrx_word' id='word_1_189' title='bbox 1911 2056 2042 2099; x_wconf 89' lang='lat' dir='ltr'><strong>esse</strong></span> <span class='ocrx_word' id='word_1_190' title='bbox 2073 2037 2326 2108; x_wconf 89' lang='lat' dir='ltr'><strong>debere,</strong></span> <span class='ocrx_word' id='word_1_191' title='bbox 2359 2039 2488 2118; x_wconf 91' lang='lat' dir='ltr'><strong>qui-</strong></span> 
     </span>
     <span class='ocr_line' id='line_1_23' title="bbox 266 2122 2567 2208; baseline -0.001 -20"><span class='ocrx_word' id='word_1_192' title='bbox 266 2145 382 2208; x_wconf 89' lang='lat' dir='ltr'><strong>que</strong></span> <span class='ocrx_word' id='word_1_193' title='bbox 404 2145 505 2188; x_wconf 90' lang='lat' dir='ltr'><strong>eos</strong></span> <span class='ocrx_word' id='word_1_194' title='bbox 533 2127 595 2187; x_wconf 91' lang='lat' dir='ltr'><strong>in</strong></span> <span class='ocrx_word' id='word_1_195' title='bbox 623 2125 882 2187; x_wconf 89' lang='lat' dir='ltr'><strong>iudicum</strong></span> <span class='ocrx_word' id='word_1_196' title='bbox 907 2123 1203 2186; x_wconf 87' lang='lat' dir='ltr'><strong>mentibus</strong></span> <span class='ocrx_word' id='word_1_197' title='bbox 1234 2125 1549 2195; x_wconf 88' lang='lat' dir='ltr'><strong>concitent,</strong></span> <span class='ocrx_word' id='word_1_198' title='bbox 1583 2122 1776 2186; x_wconf 90' lang='lat' dir='ltr'><strong>scelus</strong></span> <span class='ocrx_word' id='word_1_199' title='bbox 1806 2141 1907 2184; x_wconf 91' lang='lat' dir='ltr'><strong>eos</strong></span> <span class='ocrx_word' id='word_1_200' title='bbox 1937 2123 2229 2184; x_wconf 81' lang='lat' dir='ltr'><strong>nefarium</strong></span> <span class='ocrx_word' id='word_1_201' title='bbox 2260 2123 2486 2193; x_wconf 80' lang='lat' dir='ltr'><strong>facere;</strong></span> <span class='ocrx_word' id='word_1_202' title='bbox 2564 2182 2567 2185; x_wconf 83' lang='grc'>.</span> 
     </span>
    </p>
   </div>
   <div class='ocr_carea' id='block_1_8' title="bbox 267 2364 1338 4336">
    <p class='ocr_par' dir='ltr' id='par_1_8' title="bbox 267 2364 1328 2757">
     <span class='ocr_line' id='line_1_24' title="bbox 334 2364 1325 2431; baseline -0.004 -14"><span class='ocrx_word' id='word_1_203' title='bbox 334 2365 427 2427; x_wconf 90' lang='grc'><strong>51,</strong></span> <span class='ocrx_word' id='word_1_204' title='bbox 461 2373 553 2416; x_wconf 79' lang='lat'><strong>219.</strong></span> <span class='ocrx_word' id='word_1_205' title='bbox 590 2365 685 2414; x_wconf 89' lang='lat' dir='ltr'><strong>Die</strong></span> <span class='ocrx_word' id='word_1_206' title='bbox 718 2364 1013 2431; x_wconf 82' lang='lat' dir='ltr'><strong>Gegenrede</strong></span> <span class='ocrx_word' id='word_1_207' title='bbox 1046 2364 1139 2414; x_wconf 89' lang='lat' dir='ltr'><strong>des</strong></span> <span class='ocrx_word' id='word_1_208' title='bbox 1163 2364 1325 2413; x_wconf 88' lang='lat' dir='ltr'><strong>Anto·-</strong></span> 
     </span>
     <span class='ocr_line' id='line_1_25' title="bbox 270 2431 1327 2497; baseline -0.005 -12"><span class='ocrx_word' id='word_1_209' title='bbox 270 2435 383 2486; x_wconf 85' lang='lat' dir='ltr'><strong>nius</strong></span> <span class='ocrx_word' id='word_1_210' title='bbox 415 2433 598 2483; x_wconf 86' lang='lat' dir='ltr'><strong>richtet</strong></span> <span class='ocrx_word' id='word_1_211' title='bbox 632 2432 743 2483; x_wconf 87' lang='lat' dir='ltr'><strong>sich</strong></span> <span class='ocrx_word' id='word_1_212' title='bbox 778 2438 1028 2482; x_wconf 80' lang='lat' dir='ltr'><strong>erstens</strong></span> <span class='ocrx_word' id='word_1_213' title='bbox 1052 2447 1215 2497; x_wconf 82' lang='lat' dir='ltr'><strong>gegen</strong></span> <span class='ocrx_word' id='word_1_214' title='bbox 1245 2431 1327 2481; x_wconf 90' lang='lat' dir='ltr'><strong>die</strong></span> 
     </span>
     <span class='ocr_line' id='line_1_26' title="bbox 267 2500 1326 2584; baseline -0.004 -31"><span class='ocrx_word' id='word_1_215' title='bbox 267 2502 604 2584; x_wconf 79' lang='lat' dir='ltr'><strong>Behauptung</strong></span> <span class='ocrx_word' id='word_1_216' title='bbox 649 2502 739 2551; x_wconf 88' lang='lat' dir='ltr'><strong>des</strong></span> <span class='ocrx_word' id='word_1_217' title='bbox 774 2500 988 2552; x_wconf 82' lang='lat' dir='ltr'><strong>Crassus</strong></span> <span class='ocrx_word' id='word_1_218' title='bbox 1004 2536 1017 2560; x_wconf 95' lang='lat'><strong>,</strong></span> <span class='ocrx_word' id='word_1_219' title='bbox 1072 2500 1193 2550; x_wconf 86' lang='lat' dir='ltr'><strong>dass</strong></span> <span class='ocrx_word' id='word_1_220' title='bbox 1234 2500 1326 2549; x_wconf 85' lang='lat' dir='ltr'><strong>das</strong></span> 
     </span>
     <span class='ocr_line' id='line_1_27' title="bbox 269 2566 1327 2632; baseline -0.004 -12"><span class='ocrx_word' id='word_1_221' title='bbox 269 2571 563 2621; x_wconf 81' lang='lat' dir='ltr'><strong>Studium</strong></span> <span class='ocrx_word' id='word_1_222' title='bbox 583 2566 1327 2632; x_wconf 81' lang='lat' dir='ltr'><strong>derPhilosophiefiirden</strong></span> 
     </span>
     <span class='ocr_line' id='line_1_28' title="bbox 271 2633 1328 2697; baseline -0.004 -8"><span class='ocrx_word' id='word_1_223' title='bbox 271 2639 471 2689; x_wconf 89' lang='lat' dir='ltr'><strong>Redner</strong></span> <span class='ocrx_word' id='word_1_224' title='bbox 505 2635 824 2687; x_wconf 83' lang='lat' dir='ltr'><strong>erforderlich</strong></span> <span class='ocrx_word' id='word_1_225' title='bbox 857 2636 931 2686; x_wconf 88' lang='lat' dir='ltr'><strong>sei</strong></span> <span class='ocrx_word' id='word_1_226' title='bbox 963 2633 1056 2693; x_wconf 83' lang='lat'><strong>51,</strong></span> <span class='ocrx_word' id='word_1_227' title='bbox 1081 2634 1328 2697; x_wconf 82' lang='grc'><strong>219-55,</strong></span> 
     </span>
     <span class='ocr_line' id='line_1_29' title="bbox 268 2716 362 2757; baseline -0.011 0"><span class='ocrx_word' id='word_1_228' title='bbox 268 2716 362 2757; x_wconf 84' lang='grc'><strong>234.</strong></span> 
     </span>
    </p>

    <p class='ocr_par' dir='ltr' id='par_1_9' title="bbox 269 2770 1327 2974">
     <span class='ocr_line' id='line_1_30' title="bbox 335 2770 1327 2841; baseline -0.008 -15"><span class='ocrx_word' id='word_1_229' title='bbox 335 2775 630 2841; x_wconf 57' lang='lat' dir='ltr'><strong>tragoediae,</strong></span> <span class='ocrx_word' id='word_1_230' title='bbox 649 2773 797 2822; x_wconf 90' lang='lat' dir='ltr'><strong>deine</strong></span> <span class='ocrx_word' id='word_1_231' title='bbox 814 2770 1089 2837; x_wconf 78' lang='lat' dir='ltr'><strong>gleichsam</strong></span> <span class='ocrx_word' id='word_1_232' title='bbox 1107 2770 1197 2821; x_wconf 79' lang='lat' dir='ltr'><strong>auf</strong></span> <span class='ocrx_word' id='word_1_233' title='bbox 1211 2771 1327 2821; x_wconf 88' lang='lat' dir='ltr'><strong>dem</strong></span> 
     </span>
     <span class='ocr_line' id='line_1_31' title="bbox 269 2837 1324 2909; baseline -0.004 -16"><span class='ocrx_word' id='word_1_234' title='bbox 269 2841 555 2909; x_wconf 81' lang='lat' dir='ltr'><strong>tragischen</strong></span> <span class='ocrx_word' id='word_1_235' title='bbox 571 2840 795 2891; x_wconf 83' lang='lat' dir='ltr'><strong>Kothurn</strong></span> <span class='ocrx_word' id='word_1_236' title='bbox 812 2839 940 2890; x_wconf 90' lang='lat' dir='ltr'><strong>hoch</strong></span> <span class='ocrx_word' id='word_1_237' title='bbox 961 2837 1324 2904; x_wconf 83' lang='lat' dir='ltr'><strong>einhergehen-</strong></span> 
     </span>
     <span class='ocr_line' id='line_1_32' title="bbox 269 2905 1101 2974; baseline -0.006 -13"><span class='ocrx_word' id='word_1_238' title='bbox 269 2912 370 2961; x_wconf 85' lang='lat' dir='ltr'><strong>den</strong></span> <span class='ocrx_word' id='word_1_239' title='bbox 392 2910 617 2961; x_wconf 86' lang='lat' dir='ltr'><strong>Phrasen</strong></span> <span class='ocrx_word' id='word_1_240' title='bbox 642 2905 715 2974; x_wconf 93' lang='lat'><strong>(11</strong></span> <span class='ocrx_word' id='word_1_241' title='bbox 738 2908 834 2969; x_wconf 86' lang='grc'><strong>51,</strong></span> <span class='ocrx_word' id='word_1_242' title='bbox 857 2905 981 2971; x_wconf 82' lang='grc'><strong>205).</strong></span> <span class='ocrx_word' id='word_1_243' title='bbox 1097 2958 1101 2963; x_wconf 73' lang='grc'><strong>,</strong></span> 
     </span>
    </p>

    <p class='ocr_par' dir='ltr' id='par_1_10' title="bbox 270 2974 1323 3166">
     <span class='ocr_line' id='line_1_33' title="bbox 339 2974 1323 3041; baseline -0.004 -13"><span class='ocrx_word' id='word_1_244' title='bbox 339 2981 436 3033; x_wconf 68' lang='lat' dir='ltr'><strong>tuis</strong></span> <span class='ocrx_word' id='word_1_245' title='bbox 467 2977 593 3027; x_wconf 88' lang='lat' dir='ltr'><strong>wird</strong></span> <span class='ocrx_word' id='word_1_246' title='bbox 626 2975 791 3041; x_wconf 74' lang='lat' dir='ltr'><strong>gleich</strong></span> <span class='ocrx_word' id='word_1_247' title='bbox 823 2974 979 3027; x_wconf 87' lang='lat' dir='ltr'><strong>durch</strong></span> <span class='ocrx_word' id='word_1_248' title='bbox 1015 2975 1111 3026; x_wconf 85' lang='lat' dir='ltr'><strong>den</strong></span> <span class='ocrx_word' id='word_1_249' title='bbox 1140 2976 1323 3025; x_wconf 86' lang='lat' dir='ltr'><strong>Zusatz</strong></span> 
     </span>
     <span class='ocr_line' id='line_1_34' title="bbox 270 3043 1321 3114; baseline -0.006 -16"><span class='ocrx_word' id='word_1_250' title='bbox 270 3048 454 3114; x_wconf 89' lang='lat' dir='ltr'><strong>quibus</strong></span> <span class='ocrx_word' id='word_1_251' title='bbox 488 3047 563 3097; x_wconf 90' lang='lat' dir='ltr'><strong>uti</strong></span> <span class='ocrx_word' id='word_1_252' title='bbox 602 3043 896 3112; x_wconf 81' lang='lat' dir='ltr'><strong>philosophi</strong></span> <span class='ocrx_word' id='word_1_253' title='bbox 941 3044 1105 3095; x_wconf 88' lang='lat' dir='ltr'><strong>solent</strong></span> <span class='ocrx_word' id='word_1_254' title='bbox 1144 3044 1321 3109; x_wconf 86' lang='lat' dir='ltr'><strong>gemil-</strong></span> 
     </span>
     <span class='ocr_line' id='line_1_35' title="bbox 271 3118 398 3166; baseline 0 0"><span class='ocrx_word' id='word_1_255' title='bbox 271 3118 398 3166; x_wconf 83' lang='lat' dir='ltr'><strong>dert.</strong></span> 
     </span>
    </p>

    <p class='ocr_par' dir='ltr' id='par_1_11' title="bbox 269 3178 1332 3442">
     <span class='ocr_line' id='line_1_36' title="bbox 326 3178 1331 3246; baseline -0.007 -11"><span class='ocrx_word' id='word_1_256' title='bbox 326 3185 565 3235; x_wconf 78' lang='lat' dir='ltr'><strong>audirent</strong></span> <span class='ocrx_word' id='word_1_257' title='bbox 574 3209 639 3219; x_wconf 95' lang='lat'>—</span> <span class='ocrx_word' id='word_1_258' title='bbox 652 3181 743 3232; x_wconf 87' lang='lat' dir='ltr'><strong>das</strong></span> <span class='ocrx_word' id='word_1_259' title='bbox 755 3179 953 3246; x_wconf 76' lang='lat' dir='ltr'><strong>imperf.</strong></span> <span class='ocrx_word' id='word_1_260' title='bbox 967 3181 1036 3230; x_wconf 88' lang='lat' dir='ltr'><strong>im</strong></span> <span class='ocrx_word' id='word_1_261' title='bbox 1048 3178 1331 3230; x_wconf 79' lang='lat' dir='ltr'><strong>Anachluss</strong></span> 
     </span>
     <span class='ocr_line' id='line_1_37' title="bbox 269 3249 1331 3313; baseline -0.007 -9"><span class='ocrx_word' id='word_1_262' title='bbox 269 3269 333 3304; x_wconf 87' lang='lat' dir='ltr'><strong>an</strong></span> <span class='ocrx_word' id='word_1_263' title='bbox 371 3252 572 3311; x_wconf 82' lang='lat' dir='ltr'><strong>dixisti,</strong></span> <span class='ocrx_word' id='word_1_264' title='bbox 604 3249 846 3300; x_wconf 69' lang='lat' dir='ltr'><strong>wahrend</strong></span> <span class='ocrx_word' id='word_1_265' title='bbox 878 3256 1112 3299; x_wconf 82' lang='lat' dir='ltr'><strong>cernatur</strong></span> <span class='ocrx_word' id='word_1_266' title='bbox 1133 3264 1187 3298; x_wconf 91' lang='lat' dir='ltr'><strong>u.</strong></span> <span class='ocrx_word' id='word_1_267' title='bbox 1213 3262 1331 3313; x_wconf 90' lang='lat' dir='ltr'><strong>per-</strong></span> 
     </span>
     <span class='ocr_line' id='line_1_38' title="bbox 270 3316 1332 3389; baseline -0.008 -17"><span class='ocrx_word' id='word_1_268' title='bbox 270 3321 498 3389; x_wconf 85' lang='lat' dir='ltr'><strong>spexerit.</strong></span> <span class='ocrx_word' id='word_1_269' title='bbox 528 3318 639 3370; x_wconf 85' lang='lat' dir='ltr'><strong>sich</strong></span> <span class='ocrx_word' id='word_1_270' title='bbox 673 3316 804 3368; x_wconf 87' lang='lat' dir='ltr'><strong>nach</strong></span> <span class='ocrx_word' id='word_1_271' title='bbox 838 3316 1153 3381; x_wconf 81' lang='lat' dir='ltr'><strong>restinguere</strong></span> <span class='ocrx_word' id='word_1_272' title='bbox 1177 3330 1332 3381; x_wconf 85' lang='lat' dir='ltr'><strong>posse</strong></span> 
     </span>
     <span class='ocr_line' id='line_1_39' title="bbox 271 3388 483 3442; baseline 0.014 -3"><span class='ocrx_word' id='word_1_273' title='bbox 271 3388 483 3442; x_wconf 81' lang='lat' dir='ltr'><strong>richten.</strong></span> 
     </span>
    </p>

    <p class='ocr_par' dir='ltr' id='par_1_12' title="bbox 272 3453 1338 4336">
     <span class='ocr_line' id='line_1_40' title="bbox 338 3453 1335 3519; baseline -0.007 -11"><span class='ocrx_word' id='word_1_274' title='bbox 338 3458 578 3508; x_wconf 75' lang='lat' dir='ltr'><strong>hominum</strong></span> <span class='ocrx_word' id='word_1_275' title='bbox 590 3462 819 3516; x_wconf 70' lang='lat' dir='ltr'><strong>naturas,</strong></span> <span class='ocrx_word' id='word_1_276' title='bbox 835 3467 1001 3504; x_wconf 73' lang='lat' dir='ltr'><strong>mores</strong></span> <span class='ocrx_word' id='word_1_277' title='bbox 1008 3459 1159 3519; x_wconf 78' lang='lat' dir='ltr'><strong>atque</strong></span> <span class='ocrx_word' id='word_1_278' title='bbox 1177 3453 1335 3502; x_wconf 78' lang='lat' dir='ltr'><strong>ratio-</strong></span> 
     </span>
     <span class='ocr_line' id='line_1_41' title="bbox 273 3520 1330 3588; baseline -0.005 -12"><span class='ocrx_word' id='word_1_279' title='bbox 273 3542 377 3579; x_wconf 76' lang='lat' dir='ltr'><strong>nes.</strong></span> <span class='ocrx_word' id='word_1_280' title='bbox 411 3528 442 3588; x_wconf 77' lang='lat' dir='ltr'>S</span> <span class='ocrx_word' id='word_1_281' title='bbox 471 3523 555 3574; x_wconf 82' lang='grc'><strong>53.</strong></span> <span class='ocrx_word' id='word_1_282' title='bbox 580 3521 665 3574; x_wconf 84' lang='grc'><strong>60.</strong></span> <span class='ocrx_word' id='word_1_283' title='bbox 694 3520 811 3573; x_wconf 82' lang='grc'><strong>165.</strong></span> <span class='ocrx_word' id='word_1_284' title='bbox 859 3522 978 3571; x_wconf 88' lang='lat' dir='ltr'><strong>Tac.</strong></span> <span class='ocrx_word' id='word_1_285' title='bbox 1014 3520 1133 3571; x_wconf 88' lang='lat' dir='ltr'><strong>dial.</strong></span> <span class='ocrx_word' id='word_1_286' title='bbox 1170 3521 1233 3570; x_wconf 87' lang='lat' dir='ltr'><strong>de</strong></span> <span class='ocrx_word' id='word_1_287' title='bbox 1258 3535 1330 3571; x_wconf 90' lang='lat' dir='ltr'><strong>or.</strong></span> 
     </span>
     <span class='ocr_line' id='line_1_42' title="bbox 272 3587 1330 3656; baseline -0.006 -12"><span class='ocrx_word' id='word_1_288' title='bbox 272 3592 334 3645; x_wconf 82' lang='lat'><strong>31</strong></span> <span class='ocrx_word' id='word_1_289' title='bbox 370 3593 433 3643; x_wconf 89' lang='lat' dir='ltr'><strong>de</strong></span> <span class='ocrx_word' id='word_1_290' title='bbox 458 3592 643 3655; x_wconf 86' lang='lat' dir='ltr'><strong>quibus</strong></span> <span class='ocrx_word' id='word_1_291' title='bbox 678 3587 777 3656; x_wconf 86' lang='lat' dir='ltr'><strong>(se.</strong></span> <span class='ocrx_word' id='word_1_292' title='bbox 814 3590 877 3640; x_wconf 89' lang='lat' dir='ltr'><strong>de</strong></span> <span class='ocrx_word' id='word_1_293' title='bbox 903 3588 1049 3638; x_wconf 87' lang='lat' dir='ltr'><strong>bonis</strong></span> <span class='ocrx_word' id='word_1_294' title='bbox 1087 3603 1147 3637; x_wconf 87' lang='lat' dir='ltr'><strong>ac</strong></span> <span class='ocrx_word' id='word_1_295' title='bbox 1170 3589 1330 3651; x_wconf 74' lang='lat' dir='ltr'><strong>maliS,</strong></span> 
     </span>
     <span class='ocr_line' id='line_1_43' title="bbox 276 3656 1332 3724; baseline -0.005 -13"><span class='ocrx_word' id='word_1_296' title='bbox 276 3662 341 3712; x_wconf 88' lang='lat' dir='ltr'><strong>de</strong></span> <span class='ocrx_word' id='word_1_297' title='bbox 359 3660 572 3710; x_wconf 84' lang='lat' dir='ltr'><strong>honesto</strong></span> <span class='ocrx_word' id='word_1_298' title='bbox 607 3667 656 3708; x_wconf 84' lang='lat' dir='ltr'><strong>et</strong></span> <span class='ocrx_word' id='word_1_299' title='bbox 680 3656 844 3724; x_wconf 82' lang='lat' dir='ltr'><strong>turpi)</strong></span> <span class='ocrx_word' id='word_1_300' title='bbox 881 3657 1086 3722; x_wconf 79' lang='lat' dir='ltr'><strong>copiose</strong></span> <span class='ocrx_word' id='word_1_301' title='bbox 1121 3664 1171 3705; x_wconf 85' lang='lat' dir='ltr'><strong>et</strong></span> <span class='ocrx_word' id='word_1_302' title='bbox 1191 3657 1332 3706; x_wconf 89' lang='lat' dir='ltr'><strong>varie</strong></span> 
     </span>
     <span class='ocr_line' id='line_1_44' title="bbox 274 3723 1331 3792; baseline -0.005 -15"><span class='ocrx_word' id='word_1_303' title='bbox 274 3737 324 3778; x_wconf 87' lang='lat' dir='ltr'><strong>et</strong></span> <span class='ocrx_word' id='word_1_304' title='bbox 348 3737 523 3779; x_wconf 86' lang='lat' dir='ltr'><strong>ornate</strong></span> <span class='ocrx_word' id='word_1_305' title='bbox 549 3741 695 3776; x_wconf 88' lang='lat' dir='ltr'><strong>nemo</strong></span> <span class='ocrx_word' id='word_1_306' title='bbox 721 3728 888 3777; x_wconf 84' lang='lat' dir='ltr'><strong>dicere</strong></span> <span class='ocrx_word' id='word_1_307' title='bbox 912 3730 1097 3792; x_wconf 85' lang='lat' dir='ltr'><strong>potest,</strong></span> <span class='ocrx_word' id='word_1_308' title='bbox 1120 3723 1219 3774; x_wconf 83' lang='lat' dir='ltr'><strong>nisi</strong></span> <span class='ocrx_word' id='word_1_309' title='bbox 1244 3724 1331 3785; x_wconf 89' lang='lat' dir='ltr'><strong>qui</strong></span> 
     </span>
     <span class='ocr_line' id='line_1_45' title="bbox 273 3791 1326 3862; baseline -0.008 -15"><span class='ocrx_word' id='word_1_310' title='bbox 273 3797 511 3862; x_wconf 83' lang='lat' dir='ltr'><strong>cognovit</strong></span> <span class='ocrx_word' id='word_1_311' title='bbox 522 3802 756 3845; x_wconf 81' lang='lat' dir='ltr'><strong>naturam</strong></span> <span class='ocrx_word' id='word_1_312' title='bbox 767 3796 1028 3845; x_wconf 75' lang='lat' dir='ltr'><strong>humanam</strong></span> <span class='ocrx_word' id='word_1_313' title='bbox 1040 3799 1091 3841; x_wconf 92' lang='lat' dir='ltr'><strong>et</strong></span> <span class='ocrx_word' id='word_1_314' title='bbox 1104 3792 1206 3841; x_wconf 89' lang='lat' dir='ltr'><strong>vim</strong></span> <span class='ocrx_word' id='word_1_315' title='bbox 1226 3791 1326 3840; x_wconf 88' lang='lat' dir='ltr'><strong>vir-</strong></span> 
     </span>
     <span class='ocr_line' id='line_1_46' title="bbox 272 3859 1326 3929; baseline -0.007 -15"><span class='ocrx_word' id='word_1_316' title='bbox 272 3873 436 3916; x_wconf 81' lang='lat' dir='ltr'><strong>tutum</strong></span> <span class='ocrx_word' id='word_1_317' title='bbox 469 3864 868 3929; x_wconf 79' lang='lat' dir='ltr'><strong>pravitatemque</strong></span> <span class='ocrx_word' id='word_1_318' title='bbox 902 3862 1138 3911; x_wconf 88' lang='lat' dir='ltr'><strong>vitiorum</strong></span> <span class='ocrx_word' id='word_1_319' title='bbox 1175 3867 1224 3908; x_wconf 90' lang='lat' dir='ltr'><strong>et</strong></span> <span class='ocrx_word' id='word_1_320' title='bbox 1247 3859 1326 3908; x_wconf 89' lang='lat' dir='ltr'><strong>in-</strong></span> 
     </span>
     <span class='ocr_line' id='line_1_47' title="bbox 272 3927 1332 3991; baseline -0.007 -8"><span class='ocrx_word' id='word_1_321' title='bbox 272 3933 531 3983; x_wconf 84' lang='lat' dir='ltr'><strong>tellectum</strong></span> <span class='ocrx_word' id='word_1_322' title='bbox 557 3943 746 3991; x_wconf 86' lang='lat' dir='ltr'><strong>eorum,</strong></span> <span class='ocrx_word' id='word_1_323' title='bbox 773 3944 901 3991; x_wconf 84' lang='lat' dir='ltr'><strong>quae</strong></span> <span class='ocrx_word' id='word_1_324' title='bbox 937 3944 1030 3979; x_wconf 88' lang='lat' dir='ltr'><strong>nec</strong></span> <span class='ocrx_word' id='word_1_325' title='bbox 1052 3929 1105 3978; x_wconf 91' lang='lat' dir='ltr'><strong>in</strong></span> <span class='ocrx_word' id='word_1_326' title='bbox 1130 3927 1332 3978; x_wconf 83' lang='lat' dir='ltr'><strong>virtuti-</strong></span> 
     </span>
     <span class='ocr_line' id='line_1_48' title="bbox 274 3994 1333 4051; baseline -0.006 1"><span class='ocrx_word' id='word_1_327' title='bbox 274 4002 371 4051; x_wconf 86' lang='lat' dir='ltr'><strong>bus</strong></span> <span class='ocrx_word' id='word_1_328' title='bbox 395 4015 489 4050; x_wconf 86' lang='lat' dir='ltr'><strong>nec</strong></span> <span class='ocrx_word' id='word_1_329' title='bbox 514 4000 565 4049; x_wconf 90' lang='lat' dir='ltr'><strong>in</strong></span> <span class='ocrx_word' id='word_1_330' title='bbox 589 3998 728 4048; x_wconf 85' lang='lat' dir='ltr'><strong>vitiis</strong></span> <span class='ocrx_word' id='word_1_331' title='bbox 754 4005 1093 4050; x_wconf 86' lang='lat' dir='ltr'><strong>numerantur.</strong></span> <span class='ocrx_word' id='word_1_332' title='bbox 1149 3996 1229 4046; x_wconf 85' lang='lat' dir='ltr'><strong>Ex</strong></span> <span class='ocrx_word' id='word_1_333' title='bbox 1252 3994 1333 4046; x_wconf 85' lang='lat' dir='ltr'><strong>his</strong></span> 
     </span>
     <span class='ocr_line' id='line_1_49' title="bbox 273 4062 1330 4129; baseline -0.007 -11"><span class='ocrx_word' id='word_1_334' title='bbox 273 4069 499 4119; x_wconf 77' lang='lat' dir='ltr'><strong>fontibus</strong></span> <span class='ocrx_word' id='word_1_335' title='bbox 533 4068 684 4118; x_wconf 84' lang='lat' dir='ltr'><strong>etiam</strong></span> <span class='ocrx_word' id='word_1_336' title='bbox 708 4065 796 4114; x_wconf 87' lang='lat' dir='ltr'><strong>illa</strong></span> <span class='ocrx_word' id='word_1_337' title='bbox 818 4065 1100 4129; x_wconf 85' lang='lat' dir='ltr'><strong>profluunt,</strong></span> <span class='ocrx_word' id='word_1_338' title='bbox 1125 4073 1181 4114; x_wconf 84' lang='lat' dir='ltr'><strong>ut</strong></span> <span class='ocrx_word' id='word_1_339' title='bbox 1202 4062 1330 4114; x_wconf 81' lang='lat' dir='ltr'><strong>faci·</strong></span> 
     </span>
     <span class='ocr_line' id='line_1_50' title="bbox 272 4132 1332 4197; baseline -0.006 -11"><span class='ocrx_word' id='word_1_340' title='bbox 272 4139 372 4188; x_wconf 82' lang='lat' dir='ltr'><strong>lius</strong></span> <span class='ocrx_word' id='word_1_341' title='bbox 414 4137 539 4186; x_wconf 83' lang='lat' dir='ltr'><strong>iram</strong></span> <span class='ocrx_word' id='word_1_342' title='bbox 572 4134 758 4185; x_wconf 87' lang='lat' dir='ltr'><strong>iudicis</strong></span> <span class='ocrx_word' id='word_1_343' title='bbox 793 4132 872 4182; x_wconf 91' lang='lat' dir='ltr'><strong>vel</strong></span> <span class='ocrx_word' id='word_1_344' title='bbox 905 4133 1111 4197; x_wconf 82' lang='lat' dir='ltr'><strong>instiget</strong></span> <span class='ocrx_word' id='word_1_345' title='bbox 1145 4132 1224 4181; x_wconf 89' lang='lat' dir='ltr'><strong>vel</strong></span> <span class='ocrx_word' id='word_1_346' title='bbox 1260 4132 1332 4180; x_wconf 90' lang='lat' dir='ltr'><strong>le-</strong></span> 
     </span>
     <span class='ocr_line' id='line_1_51' title="bbox 274 4199 1335 4267; baseline -0.006 -12"><span class='ocrx_word' id='word_1_347' title='bbox 274 4204 406 4266; x_wconf 85' lang='lat' dir='ltr'><strong>niat,</strong></span> <span class='ocrx_word' id='word_1_348' title='bbox 442 4205 529 4267; x_wconf 90' lang='lat' dir='ltr'><strong>qui</strong></span> <span class='ocrx_word' id='word_1_349' title='bbox 552 4203 648 4254; x_wconf 85' lang='lat' dir='ltr'><strong>scit</strong></span> <span class='ocrx_word' id='word_1_350' title='bbox 671 4201 795 4265; x_wconf 88' lang='lat' dir='ltr'><strong>quid</strong></span> <span class='ocrx_word' id='word_1_351' title='bbox 817 4201 921 4262; x_wconf 85' lang='lat' dir='ltr'><strong>ira,</strong></span> <span class='ocrx_word' id='word_1_352' title='bbox 959 4199 1245 4265; x_wconf 86' lang='lat' dir='ltr'><strong>promptius</strong></span> <span class='ocrx_word' id='word_1_353' title='bbox 1270 4200 1335 4249; x_wconf 85' lang='lat' dir='ltr'><strong>ad</strong></span> 
     </span>
     <span class='ocr_line' id='line_1_52' title="bbox 274 4267 1338 4336; baseline -0.006 -12"><span class='ocrx_word' id='word_1_354' title='bbox 274 4271 676 4324; x_wconf 84' lang='lat' dir='ltr'><strong>misericordiam</strong></span> <span class='ocrx_word' id='word_1_355' title='bbox 701 4268 955 4336; x_wconf 86' lang='lat' dir='ltr'><strong>impellat,</strong></span> <span class='ocrx_word' id='word_1_356' title='bbox 981 4268 1069 4331; x_wconf 88' lang='lat' dir='ltr'><strong>qui</strong></span> <span class='ocrx_word' id='word_1_357' title='bbox 1092 4267 1189 4318; x_wconf 86' lang='lat' dir='ltr'><strong>scit</strong></span> <span class='ocrx_word' id='word_1_358' title='bbox 1214 4267 1338 4330; x_wconf 89' lang='lat' dir='ltr'><strong>quid</strong></span> 
     </span>
    </p>
   </div>
   <div class='ocr_carea' id='block_1_9' title="bbox 1430 2362 2491 2483">
    <p class='ocr_par' dir='ltr' id='par_1_13' title="bbox 1430 2362 2491 2483">
     <span class='ocr_line' id='line_1_53' title="bbox 1430 2362 2491 2426; baseline -0.002 -12"><span class='ocrx_word' id='word_1_359' title='bbox 1430 2362 1775 2414; x_wconf 86' lang='lat' dir='ltr'><strong>misericordia</strong></span> <span class='ocrx_word' id='word_1_360' title='bbox 1799 2371 1849 2411; x_wconf 90' lang='lat' dir='ltr'><strong>et</strong></span> <span class='ocrx_word' id='word_1_361' title='bbox 1880 2363 2063 2426; x_wconf 85' lang='lat' dir='ltr'><strong>quibus</strong></span> <span class='ocrx_word' id='word_1_362' title='bbox 2087 2362 2243 2413; x_wconf 83' lang='lat' dir='ltr'><strong>animi</strong></span> <span class='ocrx_word' id='word_1_363' title='bbox 2265 2362 2491 2412; x_wconf 85' lang='lat' dir='ltr'><strong>motibus</strong></span> 
     </span>
     <span class='ocr_line' id='line_1_54' title="bbox 1430 2432 1726 2483; baseline 0.007 -2"><span class='ocrx_word' id='word_1_364' title='bbox 1430 2432 1726 2483; x_wconf 87' lang='lat' dir='ltr'><strong>concitetur.</strong></span> 
     </span>
    </p>
   </div>
   <div class='ocr_carea' id='block_1_10' title="bbox 1429 2513 2491 2771">
    <p class='ocr_par' dir='ltr' id='par_1_14' title="bbox 1429 2513 2491 2771">
     <span class='ocr_line' id='line_1_55' title="bbox 1500 2513 2491 2578; baseline -0.001 -12"><span class='ocrx_word' id='word_1_365' title='bbox 1500 2522 1635 2568; x_wconf 71' lang='lat' dir='ltr'><strong>totas·</strong></span> <span class='ocrx_word' id='word_1_366' title='bbox 1656 2522 1878 2578; x_wconf 72' lang='lat' dir='ltr'><strong>aetates,</strong></span> <span class='ocrx_word' id='word_1_367' title='bbox 1906 2514 1972 2564; x_wconf 87' lang='lat' dir='ltr'><strong>da</strong></span> <span class='ocrx_word' id='word_1_368' title='bbox 1996 2515 2080 2564; x_wconf 89' lang='lat' dir='ltr'><strong>die</strong></span> <span class='ocrx_word' id='word_1_369' title='bbox 2102 2513 2253 2564; x_wconf 81' lang='lat' dir='ltr'><strong>Ethik</strong></span> <span class='ocrx_word' id='word_1_370' title='bbox 2278 2515 2372 2564; x_wconf 90' lang='lat' dir='ltr'><strong>seit</strong></span> <span class='ocrx_word' id='word_1_371' title='bbox 2396 2513 2491 2565; x_wconf 92' lang='lat' dir='ltr'><strong>So-</strong></span> 
     </span>
     <span class='ocr_line' id='line_1_56' title="bbox 1430 2581 2487 2634; baseline -0.002 0"><span class='ocrx_word' id='word_1_372' title='bbox 1430 2586 1599 2634; x_wconf 86' lang='lat' dir='ltr'><strong>krates</strong></span> <span class='ocrx_word' id='word_1_373' title='bbox 1623 2584 1731 2633; x_wconf 85' lang='lat' dir='ltr'><strong>und</strong></span> <span class='ocrx_word' id='word_1_374' title='bbox 1754 2582 1898 2632; x_wconf 88' lang='lat' dir='ltr'><strong>Plato</strong></span> <span class='ocrx_word' id='word_1_375' title='bbox 1932 2583 2013 2633; x_wconf 90' lang='lat' dir='ltr'><strong>bei</strong></span> <span class='ocrx_word' id='word_1_376' title='bbox 2040 2582 2140 2632; x_wconf 79' lang='lat' dir='ltr'><strong>fast</strong></span> <span class='ocrx_word' id='word_1_377' title='bbox 2162 2581 2293 2631; x_wconf 85' lang='lat' dir='ltr'><strong>allen</strong></span> <span class='ocrx_word' id='word_1_378' title='bbox 2321 2581 2487 2632; x_wconf 89' lang='lat' dir='ltr'><strong>Philo-</strong></span> 
     </span>
     <span class='ocr_line' id='line_1_57' title="bbox 1429 2648 2490 2771; baseline -0.001 -2"><span class='ocrx_word' id='word_1_379' title='bbox 1429 2648 2490 2771; x_wconf 51' lang='lat' dir='ltr'><strong>{ipissnssffcffluffiisss{eidfflss‘sslssssfifflssw’</strong></span> 
     </span>
    </p>
   </div>
   <div class='ocr_carea' id='block_1_11' title="bbox 1425 2802 2497 3615">
    <p class='ocr_par' dir='ltr' id='par_1_15' title="bbox 1425 2802 2497 3615">
     <span class='ocr_line' id='line_1_58' title="bbox 1498 2802 2491 2863; baseline -0.002 -9"><span class='ocrx_word' id='word_1_380' title='bbox 1498 2806 1563 2854; x_wconf 84' lang='lat' dir='ltr'><strong>de</strong></span> <span class='ocrx_word' id='word_1_381' title='bbox 1574 2804 1800 2853; x_wconf 88' lang='lat' dir='ltr'><strong>moribus</strong></span> <span class='ocrx_word' id='word_1_382' title='bbox 1821 2819 1869 2854; x_wconf 87' lang='lat' dir='ltr'><strong>u.</strong></span> <span class='ocrx_word' id='word_1_383' title='bbox 1889 2804 1954 2854; x_wconf 84' lang='lat' dir='ltr'><strong>ab</strong></span> <span class='ocrx_word' id='word_1_384' title='bbox 1972 2802 2235 2853; x_wconf 87' lang='lat' dir='ltr'><strong>hominum</strong></span> <span class='ocrx_word' id='word_1_385' title='bbox 2252 2802 2491 2863; x_wconf 75' lang='lat' dir='ltr'><strong>moribuS,</strong></span> 
     </span>
     <span class='ocr_line' id='line_1_59' title="bbox 1429 2870 2494 2923; baseline -0.003 0"><span class='ocrx_word' id='word_1_386' title='bbox 1429 2873 1520 2923; x_wconf 84' lang='lat' dir='ltr'><strong>mit</strong></span> <span class='ocrx_word' id='word_1_387' title='bbox 1538 2870 1918 2923; x_wconf 86' lang='lat' dir='ltr'><strong>absichtlichem</strong></span> <span class='ocrx_word' id='word_1_388' title='bbox 1931 2870 2236 2921; x_wconf 82' lang='lat' dir='ltr'><strong>Nachdruck</strong></span> <span class='ocrx_word' id='word_1_389' title='bbox 2256 2870 2494 2920; x_wconf 86' lang='lat' dir='ltr'><strong>einander</strong></span> 
     </span>
     <span class='ocr_line' id='line_1_60' title="bbox 1428 2938 2494 3007; baseline -0.004 -16"><span class='ocrx_word' id='word_1_390' title='bbox 1428 2947 1902 3007; x_wconf 82' lang='lat' dir='ltr'><strong>entgegengesetzt:</strong></span> <span class='ocrx_word' id='word_1_391' title='bbox 1932 2939 2029 2990; x_wconf 73' lang='lat' dir='ltr'><strong>‘fiir</strong></span> <span class='ocrx_word' id='word_1_392' title='bbox 2053 2938 2381 2999; x_wconf 84' lang='lat' dir='ltr'><strong>denRedner,</strong></span> <span class='ocrx_word' id='word_1_393' title='bbox 2402 2939 2494 2988; x_wconf 90' lang='lat' dir='ltr'><strong>der</strong></span> 
     </span>
     <span class='ocr_line' id='line_1_61' title="bbox 1425 3004 2496 3070; baseline -0.004 -11"><span class='ocrx_word' id='word_1_394' title='bbox 1425 3009 1506 3059; x_wconf 78' lang='lat' dir='ltr'><strong>fiir</strong></span> <span class='ocrx_word' id='word_1_395' title='bbox 1538 3009 1630 3059; x_wconf 81' lang='lat' dir='ltr'><strong>das</strong></span> <span class='ocrx_word' id='word_1_396' title='bbox 1654 3007 1912 3057; x_wconf 85' lang='lat' dir='ltr'><strong>wirkliche</strong></span> <span class='ocrx_word' id='word_1_397' title='bbox 1934 3004 2108 3059; x_wconf 88' lang='lat' dir='ltr'><strong>Leben</strong></span> <span class='ocrx_word' id='word_1_398' title='bbox 2132 3006 2301 3070; x_wconf 86' lang='lat' dir='ltr'><strong>redet,</strong></span> <span class='ocrx_word' id='word_1_399' title='bbox 2338 3006 2496 3056; x_wconf 89' lang='lat' dir='ltr'><strong>reicht</strong></span> 
     </span>
     <span class='ocr_line' id='line_1_62' title="bbox 1432 3073 2495 3140; baseline -0.003 -14"><span class='ocrx_word' id='word_1_400' title='bbox 1432 3093 1487 3128; x_wconf 88' lang='lat' dir='ltr'><strong>es</strong></span> <span class='ocrx_word' id='word_1_401' title='bbox 1522 3076 1637 3140; x_wconf 89' lang='lat' dir='ltr'><strong>hin,</strong></span> <span class='ocrx_word' id='word_1_402' title='bbox 1684 3077 1774 3127; x_wconf 83' lang='lat' dir='ltr'><strong>das</strong></span> <span class='ocrx_word' id='word_1_403' title='bbox 1808 3078 1957 3126; x_wconf 88' lang='lat' dir='ltr'><strong>iiber</strong></span> <span class='ocrx_word' id='word_1_404' title='bbox 1982 3077 2079 3127; x_wconf 86' lang='lat' dir='ltr'><strong>den</strong></span> <span class='ocrx_word' id='word_1_405' title='bbox 2120 3073 2495 3125; x_wconf 88' lang='lat' dir='ltr'><strong>menschlichen</strong></span> 
     </span>
     <span class='ocr_line' id='line_1_63' title="bbox 1435 3143 2494 3205; baseline -0.004 -9"><span class='ocrx_word' id='word_1_406' title='bbox 1435 3144 1709 3196; x_wconf 82' lang='lat' dir='ltr'><strong>Charakter</strong></span> <span class='ocrx_word' id='word_1_407' title='bbox 1745 3161 1809 3193; x_wconf 76' lang='lat' dir='ltr'><strong>zu</strong></span> <span class='ocrx_word' id='word_1_408' title='bbox 1843 3144 2029 3195; x_wconf 85' lang='lat' dir='ltr'><strong>wissen</strong></span> <span class='ocrx_word' id='word_1_409' title='bbox 2064 3144 2171 3194; x_wconf 87' lang='lat' dir='ltr'><strong>und</strong></span> <span class='ocrx_word' id='word_1_410' title='bbox 2212 3160 2277 3193; x_wconf 87' lang='lat' dir='ltr'><strong>zu</strong></span> <span class='ocrx_word' id='word_1_411' title='bbox 2317 3143 2494 3205; x_wconf 87' lang='lat' dir='ltr'><strong>reden,</strong></span> 
     </span>
     <span class='ocr_line' id='line_1_64' title="bbox 1430 3210 2496 3271; baseline -0.004 -8"><span class='ocrx_word' id='word_1_412' title='bbox 1430 3225 1536 3263; x_wconf 87' lang='lat' dir='ltr'><strong>was</strong></span> <span class='ocrx_word' id='word_1_413' title='bbox 1560 3212 1699 3263; x_wconf 85' lang='lat' dir='ltr'><strong>nicht</strong></span> <span class='ocrx_word' id='word_1_414' title='bbox 1723 3212 1918 3261; x_wconf 88' lang='lat' dir='ltr'><strong>wider</strong></span> <span class='ocrx_word' id='word_1_415' title='bbox 1942 3212 2042 3261; x_wconf 87' lang='lat' dir='ltr'><strong>den</strong></span> <span class='ocrx_word' id='word_1_416' title='bbox 2065 3227 2134 3261; x_wconf 89' lang='lat' dir='ltr'><strong>m.</strong></span> <span class='ocrx_word' id='word_1_417' title='bbox 2163 3210 2252 3262; x_wconf 87' lang='lat' dir='ltr'><strong>ch.</strong></span> <span class='ocrx_word' id='word_1_418' title='bbox 2278 3211 2380 3271; x_wconf 89' lang='lat' dir='ltr'><strong>ist&#39;,</strong></span> <span class='ocrx_word' id='word_1_419' title='bbox 2406 3212 2496 3260; x_wconf 81' lang='lat' dir='ltr'><strong>mit</strong></span> 
     </span>
     <span class='ocr_line' id='line_1_65' title="bbox 1434 3278 2492 3331; baseline -0.003 -1"><span class='ocrx_word' id='word_1_420' title='bbox 1434 3281 1598 3331; x_wconf 88' lang='lat' dir='ltr'><strong>einem</strong></span> <span class='ocrx_word' id='word_1_421' title='bbox 1623 3278 1776 3330; x_wconf 90' lang='lat' dir='ltr'><strong>leicht</strong></span> <span class='ocrx_word' id='word_1_422' title='bbox 1808 3280 2176 3329; x_wconf 85' lang='lat' dir='ltr'><strong>hemerkbaren</strong></span> <span class='ocrx_word' id='word_1_423' title='bbox 2202 3278 2492 3329; x_wconf 87' lang='lat' dir='ltr'><strong>Seitenhieb</strong></span> 
     </span>
     <span class='ocr_line' id='line_1_66' title="bbox 1432 3344 2495 3413; baseline -0.004 -15"><span class='ocrx_word' id='word_1_424' title='bbox 1432 3349 1526 3400; x_wconf 81' lang='lat' dir='ltr'><strong>auf</strong></span> <span class='ocrx_word' id='word_1_425' title='bbox 1555 3349 1637 3399; x_wconf 88' lang='lat' dir='ltr'><strong>die</strong></span> <span class='ocrx_word' id='word_1_426' title='bbox 1660 3345 2003 3413; x_wconf 88' lang='lat' dir='ltr'><strong>Philosophen</strong></span> <span class='ocrx_word' id='word_1_427' title='bbox 2041 3344 2099 3413; x_wconf 76' lang='lat' dir='ltr'><strong>(S</strong></span> <span class='ocrx_word' id='word_1_428' title='bbox 2121 3344 2274 3409; x_wconf 90' lang='grc'><strong>224),</strong></span> <span class='ocrx_word' id='word_1_429' title='bbox 2312 3346 2495 3396; x_wconf 88' lang='lat' dir='ltr'><strong>beson-</strong></span> 
     </span>
     <span class='ocr_line' id='line_1_67' title="bbox 1435 3413 2495 3476; baseline -0.006 -8"><span class='ocrx_word' id='word_1_430' title='bbox 1435 3418 1551 3469; x_wconf 87' lang='lat' dir='ltr'><strong>ders</strong></span> <span class='ocrx_word' id='word_1_431' title='bbox 1586 3416 1672 3467; x_wconf 89' lang='lat' dir='ltr'><strong>die</strong></span> <span class='ocrx_word' id='word_1_432' title='bbox 1706 3414 1984 3476; x_wconf 85' lang='lat' dir='ltr'><strong>stoischen,</strong></span> <span class='ocrx_word' id='word_1_433' title='bbox 2031 3415 2113 3464; x_wconf 90' lang='lat' dir='ltr'><strong>die</strong></span> <span class='ocrx_word' id='word_1_434' title='bbox 2148 3414 2362 3464; x_wconf 85' lang='lat' dir='ltr'><strong>dariiber</strong></span> <span class='ocrx_word' id='word_1_435' title='bbox 2396 3413 2495 3463; x_wconf 83' lang='lat' dir='ltr'><strong>Be-</strong></span> 
     </span>
     <span class='ocr_line' id='line_1_68' title="bbox 1432 3481 2497 3552; baseline -0.006 -16"><span class='ocrx_word' id='word_1_436' title='bbox 1432 3485 1764 3552; x_wconf 83' lang='lat' dir='ltr'><strong>hauptungen</strong></span> <span class='ocrx_word' id='word_1_437' title='bbox 1781 3481 2086 3544; x_wconf 83' lang='lat' dir='ltr'><strong>aufstellten,</strong></span> <span class='ocrx_word' id='word_1_438' title='bbox 2108 3482 2191 3532; x_wconf 91' lang='lat' dir='ltr'><strong>die</strong></span> <span class='ocrx_word' id='word_1_439' title='bbox 2216 3482 2331 3531; x_wconf 90' lang='lat' dir='ltr'><strong>dem</strong></span> <span class='ocrx_word' id='word_1_440' title='bbox 2349 3481 2497 3531; x_wconf 74' lang='lat' dir='ltr'><strong>wirh-</strong></span> 
     </span>
     <span class='ocr_line' id='line_1_69' title="bbox 1435 3549 2250 3615; baseline -0.002 -12"><span class='ocrx_word' id='word_1_441' title='bbox 1435 3553 1602 3603; x_wconf 87' lang='lat' dir='ltr'><strong>lichen</strong></span> <span class='ocrx_word' id='word_1_442' title='bbox 1627 3553 1796 3602; x_wconf 89' lang='lat' dir='ltr'><strong>Leben</strong></span> <span class='ocrx_word' id='word_1_443' title='bbox 1821 3549 2250 3615; x_wconf 85' lang='lat' dir='ltr'><strong>widersprachen.</strong></span> 
     </span>
    </p>
   </div>
   <div class='ocr_carea' id='block_1_12' title="bbox 1432 3633 2499 3976">
    <p class='ocr_par' dir='ltr' id='par_1_16' title="bbox 1433 3633 2499 3852">
     <span class='ocr_line' id='line_1_70' title="bbox 1501 3633 2493 3700; baseline -0.005 -12"><span class='ocrx_word' id='word_1_444' title='bbox 1501 3648 1595 3689; x_wconf 85' lang='grc'><strong>220.</strong></span> <span class='ocrx_word' id='word_1_445' title='bbox 1629 3638 1865 3695; x_wconf 78' lang='lat' dir='ltr'><strong>miscere,</strong></span> <span class='ocrx_word' id='word_1_446' title='bbox 1909 3635 1963 3685; x_wconf 88' lang='lat' dir='ltr'><strong>in</strong></span> <span class='ocrx_word' id='word_1_447' title='bbox 1987 3633 2232 3700; x_wconf 77' lang='lat' dir='ltr'><strong>Giihrung</strong></span> <span class='ocrx_word' id='word_1_448' title='bbox 2266 3634 2493 3700; x_wconf 84' lang='lat' dir='ltr'><strong>bringen.</strong></span> 
     </span>
     <span class='ocr_line' id='line_1_71' title="bbox 1435 3703 2498 3772; baseline -0.007 -15"><span class='ocrx_word' id='word_1_449' title='bbox 1435 3707 1516 3758; x_wconf 88' lang='lat' dir='ltr'><strong>Or.</strong></span> <span class='ocrx_word' id='word_1_450' title='bbox 1550 3712 1679 3772; x_wconf 85' lang='lat' dir='ltr'><strong>part.</strong></span> <span class='ocrx_word' id='word_1_451' title='bbox 1705 3703 1764 3766; x_wconf 84' lang='grc'><strong>6,</strong></span> <span class='ocrx_word' id='word_1_452' title='bbox 1789 3713 1841 3753; x_wconf 79' lang='grc'><strong>22</strong></span> <span class='ocrx_word' id='word_1_453' title='bbox 1873 3703 2199 3768; x_wconf 84' lang='lat' dir='ltr'><strong>maximeque</strong></span> <span class='ocrx_word' id='word_1_454' title='bbox 2232 3712 2404 3753; x_wconf 82' lang='lat' dir='ltr'><strong>movet</strong></span> <span class='ocrx_word' id='word_1_455' title='bbox 2438 3718 2498 3751; x_wconf 89' lang='lat' dir='ltr'><strong>ea</strong></span> 
     </span>
     <span class='ocr_line' id='line_1_72' title="bbox 1433 3771 2499 3852; baseline -0.004 -28"><span class='ocrx_word' id='word_1_456' title='bbox 1433 3788 1565 3852; x_wconf 78' lang='lat' dir='ltr'><strong>quae</strong></span> <span class='ocrx_word' id='word_1_457' title='bbox 1612 3781 1804 3823; x_wconf 83' lang='lat' dir='ltr'><strong>motum</strong></span> <span class='ocrx_word' id='word_1_458' title='bbox 1851 3771 2071 3835; x_wconf 83' lang='lat' dir='ltr'><strong>aliquem</strong></span> <span class='ocrx_word' id='word_1_459' title='bbox 2119 3771 2275 3822; x_wconf 84' lang='lat' dir='ltr'><strong>animi</strong></span> <span class='ocrx_word' id='word_1_460' title='bbox 2321 3772 2499 3821; x_wconf 89' lang='lat' dir='ltr'><strong>miscet</strong></span> 
     </span>
    </p>

    <p class='ocr_par' dir='ltr' id='par_1_17' title="bbox 1432 3851 2427 3976">
     <span class='ocr_line' id='line_1_73' title="bbox 1542 3855 1611 3890; baseline 0.014 -1"><span class='ocrx_word' id='word_1_461' title='bbox 1542 3855 1611 3890; x_wconf 80' lang='lat' dir='ltr'><strong>io.</strong></span> 
     </span>
     <span class='ocr_line' id='line_1_74' title="bbox 1432 3851 2427 3976; baseline -0.005 -15"><span class='ocrx_word' id='word_1_462' title='bbox 1432 3851 1697 3976; x_wconf 52' lang='lat' dir='ltr'><strong>onlztyitare</strong></span> <span class='ocrx_word' id='word_1_463' title='bbox 1710 3947 1723 3970; x_wconf 95' lang='lat'><strong><em>‚</em></strong></span> <span class='ocrx_word' id='word_1_464' title='bbox 1747 3909 1801 3958; x_wconf 90' lang='lat' dir='ltr'><strong>in</strong></span> <span class='ocrx_word' id='word_1_465' title='bbox 1820 3907 2122 3973; x_wconf 78' lang='lat' dir='ltr'><strong>Aufregung</strong></span> <span class='ocrx_word' id='word_1_466' title='bbox 2144 3915 2427 3957; x_wconf 84' lang='lat' dir='ltr'><strong>versetzen.</strong></span> 
     </span>
    </p>
   </div>
   <div class='ocr_carea' id='block_1_13' title="bbox 1436 3987 2500 4317">
    <p class='ocr_par' dir='ltr' id='par_1_18' title="bbox 1436 3987 2500 4317">
     <span class='ocr_line' id='line_1_75' title="bbox 1497 3987 2500 4060; baseline -0.002 -16"><span class='ocrx_word' id='word_1_467' title='bbox 1497 3995 1712 4060; x_wconf 62' lang='lat' dir='ltr'><strong>parim,</strong></span> <span class='ocrx_word' id='word_1_468' title='bbox 1747 3995 1843 4043; x_wconf 85' lang='lat' dir='ltr'><strong>wie</strong></span> <span class='ocrx_word' id='word_1_469' title='bbox 1876 3994 1960 4043; x_wconf 90' lang='lat' dir='ltr'><strong>die</strong></span> <span class='ocrx_word' id='word_1_470' title='bbox 1993 3987 2194 4044; x_wconf 86' lang='lat' dir='ltr'><strong>Stoiker</strong></span> <span class='ocrx_word' id='word_1_471' title='bbox 2233 3991 2324 4040; x_wconf 90' lang='lat' dir='ltr'><strong>mit</strong></span> <span class='ocrx_word' id='word_1_472' title='bbox 2364 3990 2500 4042; x_wconf 89' lang='lat' dir='ltr'><strong>ihrer</strong></span> 
     </span>
     <span class='ocr_line' id='line_1_76' title="bbox 1436 4054 2496 4128; baseline -0.004 -14"><span class='ocrx_word' id='word_1_473' title='bbox 1436 4054 1729 4125; x_wconf 73' lang='grc' dir='ltr'><strong>ἀπάθεια,</strong></span> <span class='ocrx_word' id='word_1_474' title='bbox 1756 4059 1788 4128; x_wconf 78' lang='lat' dir='ltr'>S</span> <span class='ocrx_word' id='word_1_475' title='bbox 1812 4060 1931 4112; x_wconf 85' lang='lat'><strong>230.</strong></span> <span class='ocrx_word' id='word_1_476' title='bbox 1957 4062 2029 4111; x_wconf 90' lang='lat'><strong>111</strong></span> <span class='ocrx_word' id='word_1_477' title='bbox 2056 4057 2145 4122; x_wconf 88' lang='lat'><strong>18,</strong></span> <span class='ocrx_word' id='word_1_478' title='bbox 2173 4069 2224 4110; x_wconf 84' lang='lat'><strong>65</strong></span> <span class='ocrx_word' id='word_1_479' title='bbox 2247 4060 2496 4126; x_wconf 85' lang='lat' dir='ltr'><strong>sapientis</strong></span> 
     </span>
     <span class='ocr_line' id='line_1_77' title="bbox 1436 4128 2495 4195; baseline 0 -16"><span class='ocrx_word' id='word_1_480' title='bbox 1436 4131 1662 4179; x_wconf 87' lang='lat' dir='ltr'><strong>animum</strong></span> <span class='ocrx_word' id='word_1_481' title='bbox 1687 4144 1963 4193; x_wconf 86' lang='lat' dir='ltr'><strong>numquam</strong></span> <span class='ocrx_word' id='word_1_482' title='bbox 1982 4144 2075 4179; x_wconf 90' lang='lat' dir='ltr'><strong>nec</strong></span> <span class='ocrx_word' id='word_1_483' title='bbox 2092 4128 2368 4195; x_wconf 85' lang='lat' dir='ltr'><strong>cupiditate</strong></span> <span class='ocrx_word' id='word_1_484' title='bbox 2387 4144 2495 4179; x_wconf 90' lang='lat' dir='ltr'><strong>mo-</strong></span> 
     </span>
     <span class='ocr_line' id='line_1_78' title="bbox 1436 4196 2499 4257; baseline -0.001 -10"><span class='ocrx_word' id='word_1_485' title='bbox 1436 4198 1544 4247; x_wconf 88' lang='lat' dir='ltr'><strong>veri</strong></span> <span class='ocrx_word' id='word_1_486' title='bbox 1579 4212 1672 4247; x_wconf 88' lang='lat' dir='ltr'><strong>nec</strong></span> <span class='ocrx_word' id='word_1_487' title='bbox 1704 4196 1896 4247; x_wconf 81' lang='lat' dir='ltr'><strong>laetitia</strong></span> <span class='ocrx_word' id='word_1_488' title='bbox 1930 4198 2111 4248; x_wconf 82' lang='lat' dir='ltr'><strong>efferri.</strong></span> <span class='ocrx_word' id='word_1_489' title='bbox 2159 4197 2318 4248; x_wconf 87' lang='lat' dir='ltr'><strong>Acad.</strong></span> <span class='ocrx_word' id='word_1_490' title='bbox 2348 4197 2499 4257; x_wconf 86' lang='lat'><strong>1144,</strong></span> 
     </span>
     <span class='ocr_line' id='line_1_79' title="bbox 1437 4274 1529 4317; baseline 0 -1"><span class='ocrx_word' id='word_1_491' title='bbox 1437 4274 1529 4317; x_wconf 84' lang='grc'><strong>135.</strong></span> 
     </span>
    </p>
   </div>
   <div class='ocr_carea' id='block_1_14' title="bbox 2151 1527 2618 1600">
    <p class='ocr_par' dir='ltr' id='par_1_19' title="bbox 2151 1527 2618 1600">
     <span class='ocr_line' id='line_1_80' title="bbox 2151 1527 2618 1600; baseline -0.013 0"><span class='ocrx_word' id='word_1_492' title='bbox 2151 1527 2294 1600; x_wconf 85' lang='lat' dir='ltr'><strong>Quis</strong></span> <span class='ocrx_word' id='word_1_493' title='bbox 2325 1529 2484 1589; x_wconf 83' lang='lat' dir='ltr'><strong>enim</strong></span> <span class='ocrx_word' id='word_1_494' title='bbox 2514 1544 2618 1596; x_wconf 84' lang='lat'><strong>220</strong></span> 
     </span>
    </p>
   </div>
  </div>
 </body>
</html>
