<?xml version="1.0" encoding="UTF-8"?>
<!DOCTYPE html PUBLIC "-//W3C//DTD XHTML 1.0 Transitional//EN"
    "http://www.w3.org/TR/xhtml1/DTD/xhtml1-transitional.dtd">
<html xmlns="http://www.w3.org/1999/xhtml" xml:lang="en" lang="en">
 <head>
  <title>
</title>
<meta http-equiv="Content-Type" content="text/html;charset=utf-8" />
  <meta name='ocr-system' content='tesseract 3.04.00' />
  <meta name='ocr-capabilities' content='ocr_page ocr_carea ocr_par ocr_line ocrx_word'/>
</head>
<body>
  <div class='ocr_page' id='page_1' title='image "./deoratore00pidegoog_0130.png"; bbox 0 0 2930 4693; ppageno 0'>
   <div class='ocr_carea' id='block_1_1' title="bbox 424 259 2036 329">
    <p class='ocr_par' dir='ltr' id='par_1_1' title="bbox 424 259 2036 329">
     <span class='ocr_line' id='line_1_1' title="bbox 424 259 2036 329; baseline -0.006 0"><span class='ocrx_word' id='word_1_1' title='bbox 424 266 506 329; x_wconf 83' lang='lat'><strong>62</strong></span> <span class='ocrx_word' id='word_1_2' title='bbox 1059 259 1158 321; x_wconf 85' lang='lat' dir='ltr'><strong>DE</strong></span> <span class='ocrx_word' id='word_1_3' title='bbox 1190 259 1547 322; x_wconf 82' lang='lat' dir='ltr'><strong>ORATORE</strong></span> <span class='ocrx_word' id='word_1_4' title='bbox 1578 260 1603 321; x_wconf 94' lang='lat'>1</span> <span class='ocrx_word' id='word_1_5' title='bbox 1634 261 1734 322; x_wconf 83' lang='lat'><strong>40.</strong></span> <span class='ocrx_word' id='word_1_6' title='bbox 1769 266 1886 321; x_wconf 84' lang='lat'><strong>180.</strong></span> <span class='ocrx_word' id='word_1_7' title='bbox 1921 267 2036 321; x_wconf 87' lang='lat'>181.</span> 
     </span>
    </p>
   </div>
   <div class='ocr_carea' id='block_1_2' title="bbox 254 428 2666 2214">
    <p class='ocr_par' dir='ltr' id='par_1_2' title="bbox 254 428 2666 2214">
     <span class='ocr_line' id='line_1_2' title="bbox 327 428 2665 513; baseline 0.002 -21"><span class='ocrx_word' id='word_1_8' title='bbox 327 433 356 505; x_wconf 62' lang='lat' dir='ltr'><strong>{s</strong></span> <span class='ocrx_word' id='word_1_9' title='bbox 423 433 507 493; x_wconf 88' lang='lat' dir='ltr'><strong>ita</strong></span> <span class='ocrx_word' id='word_1_10' title='bbox 546 430 792 510; x_wconf 86' lang='lat' dir='ltr'><strong>recepit.</strong></span> <span class='ocrx_word' id='word_1_11' title='bbox 863 429 1064 492; x_wconf 82' lang='lat' dir='ltr'><strong>Fufius</strong></span> <span class='ocrx_word' id='word_1_12' title='bbox 1104 437 1328 500; x_wconf 87' lang='lat' dir='ltr'><strong>autem,</strong></span> <span class='ocrx_word' id='word_1_13' title='bbox 1372 428 1550 491; x_wconf 89' lang='lat' dir='ltr'><strong>simul</strong></span> <span class='ocrx_word' id='word_1_14' title='bbox 1593 436 1767 511; x_wconf 89' lang='lat' dir='ltr'><strong>atque</strong></span> <span class='ocrx_word' id='word_1_15' title='bbox 1808 430 2108 493; x_wconf 85' lang='lat' dir='ltr'><strong>aedificari</strong></span> <span class='ocrx_word' id='word_1_16' title='bbox 2150 439 2426 513; x_wconf 84' lang='lat' dir='ltr'><strong>coeptum</strong></span> <span class='ocrx_word' id='word_1_17' title='bbox 2471 442 2561 497; x_wconf 89' lang='lat' dir='ltr'><strong>est</strong></span> <span class='ocrx_word' id='word_1_18' title='bbox 2599 438 2665 498; x_wconf 90' lang='lat' dir='ltr'><strong>in</strong></span> 
     </span>
     <span class='ocr_line' id='line_1_3' title="bbox 331 482 2660 613; baseline -0 -30"><span class='ocrx_word' id='word_1_19' title='bbox 331 482 362 613; x_wconf 43' lang='lat' dir='ltr'><strong>{K</strong></span> <span class='ocrx_word' id='word_1_20' title='bbox 424 516 678 598; x_wconf 88' lang='lat' dir='ltr'><strong>quadam</strong></span> <span class='ocrx_word' id='word_1_21' title='bbox 727 520 898 595; x_wconf 89' lang='lat' dir='ltr'><strong>parte</strong></span> <span class='ocrx_word' id='word_1_22' title='bbox 926 513 1123 585; x_wconf 85' lang='lat' dir='ltr'><strong>urbis,</strong></span> <span class='ocrx_word' id='word_1_23' title='bbox 1179 532 1331 595; x_wconf 88' lang='lat' dir='ltr'><strong>quae</strong></span> <span class='ocrx_word' id='word_1_24' title='bbox 1360 514 1538 577; x_wconf 91' lang='lat' dir='ltr'><strong>modo</strong></span> <span class='ocrx_word' id='word_1_25' title='bbox 1581 533 1656 577; x_wconf 86' lang='lat' dir='ltr'><strong>ex</strong></span> <span class='ocrx_word' id='word_1_26' title='bbox 1697 514 1814 575; x_wconf 89' lang='lat' dir='ltr'><strong>illis</strong></span> <span class='ocrx_word' id='word_1_27' title='bbox 1856 515 2102 578; x_wconf 90' lang='lat' dir='ltr'><strong>aedibus</strong></span> <span class='ocrx_word' id='word_1_28' title='bbox 2148 519 2412 599; x_wconf 84' lang='lat' dir='ltr'><strong>conspici</strong></span> <span class='ocrx_word' id='word_1_29' title='bbox 2440 529 2660 599; x_wconf 84' lang='lat' dir='ltr'><strong>posset,</strong></span> 
     </span>
     <span class='ocr_line' id='line_1_4' title="bbox 426 597 2661 681; baseline 0.002 -19"><span class='ocrx_word' id='word_1_30' title='bbox 426 603 547 681; x_wconf 82' lang='lat' dir='ltr'><strong>egit</strong></span> <span class='ocrx_word' id='word_1_31' title='bbox 575 601 773 663; x_wconf 85' lang='lat' dir='ltr'><strong>statim</strong></span> <span class='ocrx_word' id='word_1_32' title='bbox 802 618 939 662; x_wconf 87' lang='lat' dir='ltr'><strong>cum</strong></span> <span class='ocrx_word' id='word_1_33' title='bbox 968 597 1251 662; x_wconf 82' lang='lat' dir='ltr'><strong>Buculeio</strong></span> <span class='ocrx_word' id='word_1_34' title='bbox 1270 647 1288 671; x_wconf 89' lang='lat'><em>,</em></span> <span class='ocrx_word' id='word_1_35' title='bbox 1319 599 1511 681; x_wconf 89' lang='lat' dir='ltr'><strong>quod,</strong></span> <span class='ocrx_word' id='word_1_36' title='bbox 1545 599 1894 681; x_wconf 88' lang='lat' dir='ltr'><strong>cuicumque</strong></span> <span class='ocrx_word' id='word_1_37' title='bbox 1924 600 2249 681; x_wconf 80' lang='lat' dir='ltr'><strong>particulae</strong></span> <span class='ocrx_word' id='word_1_38' title='bbox 2281 602 2430 664; x_wconf 89' lang='lat' dir='ltr'><strong>caeli</strong></span> <span class='ocrx_word' id='word_1_39' title='bbox 2460 604 2661 667; x_wconf 79' lang='lat' dir='ltr'><strong>office-</strong></span> 
     </span>
     <span class='ocr_line' id='line_1_5' title="bbox 284 683 2662 767; baseline 0.003 -22"><span class='ocrx_word' id='word_1_40' title='bbox 284 691 385 745; x_wconf 89' lang='lat'><strong>180</strong></span> <span class='ocrx_word' id='word_1_41' title='bbox 412 693 611 759; x_wconf 90' lang='lat' dir='ltr'><strong>retur,</strong></span> <span class='ocrx_word' id='word_1_42' title='bbox 656 686 923 767; x_wconf 86' lang='lat' dir='ltr'><strong>quamvis</strong></span> <span class='ocrx_word' id='word_1_43' title='bbox 964 692 1120 747; x_wconf 87' lang='lat' dir='ltr'><strong>esset</strong></span> <span class='ocrx_word' id='word_1_44' title='bbox 1158 684 1398 766; x_wconf 90' lang='lat' dir='ltr'><strong>procul,</strong></span> <span class='ocrx_word' id='word_1_45' title='bbox 1443 686 1663 747; x_wconf 85' lang='lat' dir='ltr'><strong>mutari</strong></span> <span class='ocrx_word' id='word_1_46' title='bbox 1689 684 1915 748; x_wconf 90' lang='lat' dir='ltr'><strong>lumina</strong></span> <span class='ocrx_word' id='word_1_47' title='bbox 1943 685 2208 765; x_wconf 86' lang='lat' dir='ltr'><strong>putabat.</strong></span> <span class='ocrx_word' id='word_1_48' title='bbox 2297 687 2451 761; x_wconf 85' lang='lat' dir='ltr'><strong>Quid</strong></span> <span class='ocrx_word' id='word_1_49' title='bbox 2481 683 2662 752; x_wconf 69' lang='lat' dir='ltr'><strong>vero?</strong></span> 
     </span>
     <span class='ocr_line' id='line_1_6' title="bbox 422 769 2663 853; baseline 0.002 -20"><span class='ocrx_word' id='word_1_50' title='bbox 422 769 745 834; x_wconf 88' lang='lat' dir='ltr'><strong>clarissima</strong></span> <span class='ocrx_word' id='word_1_51' title='bbox 768 770 863 833; x_wconf 86' lang='grc' dir='ltr'><strong>Μ’.</strong></span> <span class='ocrx_word' id='word_1_52' title='bbox 879 770 1042 834; x_wconf 88' lang='lat' dir='ltr'><strong>Curii</strong></span> <span class='ocrx_word' id='word_1_53' title='bbox 1065 788 1242 832; x_wconf 87' lang='lat' dir='ltr'><strong>causa</strong></span> <span class='ocrx_word' id='word_1_54' title='bbox 1266 770 1567 851; x_wconf 82' lang='lat' dir='ltr'><strong>Marcique</strong></span> <span class='ocrx_word' id='word_1_55' title='bbox 1591 770 1840 851; x_wconf 86' lang='lat' dir='ltr'><strong>Coponii</strong></span> <span class='ocrx_word' id='word_1_56' title='bbox 1861 789 2054 852; x_wconf 84' lang='lat' dir='ltr'><strong>nuper</strong></span> <span class='ocrx_word' id='word_1_57' title='bbox 2079 771 2236 853; x_wconf 90' lang='lat' dir='ltr'><strong>apud</strong></span> <span class='ocrx_word' id='word_1_58' title='bbox 2261 776 2663 837; x_wconf 89' lang='lat' dir='ltr'><strong>centumviros</strong></span> 
     </span>
     <span class='ocr_line' id='line_1_7' title="bbox 421 855 2662 938; baseline 0.002 -20"><span class='ocrx_word' id='word_1_59' title='bbox 421 876 539 938; x_wconf 92' lang='lat' dir='ltr'><strong>quo</strong></span> <span class='ocrx_word' id='word_1_60' title='bbox 591 874 888 919; x_wconf 87' lang='lat' dir='ltr'><strong>concursu</strong></span> <span class='ocrx_word' id='word_1_61' title='bbox 916 855 1255 927; x_wconf 91' lang='lat' dir='ltr'><strong>hominum,</strong></span> <span class='ocrx_word' id='word_1_62' title='bbox 1309 873 1425 936; x_wconf 89' lang='lat' dir='ltr'><strong>qua</strong></span> <span class='ocrx_word' id='word_1_63' title='bbox 1479 856 1918 935; x_wconf 85' lang='lat' dir='ltr'><strong>exspectatione</strong></span> <span class='ocrx_word' id='word_1_64' title='bbox 1961 855 2204 918; x_wconf 81' lang='lat' dir='ltr'><strong>defensa</strong></span> <span class='ocrx_word' id='word_1_65' title='bbox 2246 860 2370 919; x_wconf 77' lang='lat' dir='ltr'><strong>est?</strong></span> <span class='ocrx_word' id='word_1_66' title='bbox 2422 878 2559 921; x_wconf 90' lang='lat' dir='ltr'><strong>cum</strong></span> <span class='ocrx_word' id='word_1_67' title='bbox 2590 861 2662 933; x_wconf 85' lang='lat' dir='ltr'><strong>Q.</strong></span> 
     </span>
     <span class='ocr_line' id='line_1_8' title="bbox 424 939 2664 1025; baseline 0.001 -21"><span class='ocrx_word' id='word_1_68' title='bbox 424 940 704 1004; x_wconf 83' lang='lat' dir='ltr'><strong>Scaevola</strong></span> <span class='ocrx_word' id='word_1_69' title='bbox 726 989 742 1012; x_wconf 89' lang='lat'><em>‚</em></span> <span class='ocrx_word' id='word_1_70' title='bbox 796 939 1057 1021; x_wconf 85' lang='lat' dir='ltr'><strong>aequalis</strong></span> <span class='ocrx_word' id='word_1_71' title='bbox 1116 948 1175 1001; x_wconf 92' lang='lat' dir='ltr'><strong>et</strong></span> <span class='ocrx_word' id='word_1_72' title='bbox 1217 939 1444 1020; x_wconf 86' lang='lat' dir='ltr'><strong>collega</strong></span> <span class='ocrx_word' id='word_1_73' title='bbox 1486 959 1685 1012; x_wconf 88' lang='lat' dir='ltr'><strong>meus,</strong></span> <span class='ocrx_word' id='word_1_74' title='bbox 1739 940 1920 1002; x_wconf 91' lang='lat' dir='ltr'><strong>homo</strong></span> <span class='ocrx_word' id='word_1_75' title='bbox 1950 943 2218 1005; x_wconf 86' lang='lat' dir='ltr'><strong>omnium</strong></span> <span class='ocrx_word' id='word_1_76' title='bbox 2261 949 2321 1004; x_wconf 87' lang='lat' dir='ltr'><strong>et</strong></span> <span class='ocrx_word' id='word_1_77' title='bbox 2351 942 2664 1025; x_wconf 84' lang='lat' dir='ltr'><strong>disciplina</strong></span> 
     </span>
     <span class='ocr_line' id='line_1_9' title="bbox 423 1025 2666 1107; baseline 0.002 -19"><span class='ocrx_word' id='word_1_78' title='bbox 423 1028 571 1090; x_wconf 90' lang='lat' dir='ltr'><strong>iuris</strong></span> <span class='ocrx_word' id='word_1_79' title='bbox 610 1026 797 1088; x_wconf 87' lang='lat' dir='ltr'><strong>civilis</strong></span> <span class='ocrx_word' id='word_1_80' title='bbox 842 1025 1277 1087; x_wconf 87' lang='lat' dir='ltr'><strong>eruditissimus</strong></span> <span class='ocrx_word' id='word_1_81' title='bbox 1320 1032 1380 1087; x_wconf 91' lang='lat' dir='ltr'><strong>et</strong></span> <span class='ocrx_word' id='word_1_82' title='bbox 1421 1026 1666 1105; x_wconf 85' lang='lat' dir='ltr'><strong>ingenio</strong></span> <span class='ocrx_word' id='word_1_83' title='bbox 1708 1025 2144 1107; x_wconf 82' lang='lat' dir='ltr'><strong>prudentiaque</strong></span> <span class='ocrx_word' id='word_1_84' title='bbox 2186 1029 2560 1092; x_wconf 79' lang='lat' dir='ltr'><strong>acutissimus</strong></span> <span class='ocrx_word' id='word_1_85' title='bbox 2605 1037 2666 1093; x_wconf 85' lang='lat' dir='ltr'><strong>et</strong></span> 
     </span>
     <span class='ocr_line' id='line_1_10' title="bbox 423 1109 2660 1192; baseline 0 -18"><span class='ocrx_word' id='word_1_86' title='bbox 423 1112 690 1174; x_wconf 87' lang='lat' dir='ltr'><strong>oratione</strong></span> <span class='ocrx_word' id='word_1_87' title='bbox 719 1111 973 1176; x_wconf 85' lang='lat' dir='ltr'><strong>maxime</strong></span> <span class='ocrx_word' id='word_1_88' title='bbox 1002 1109 1239 1172; x_wconf 88' lang='lat' dir='ltr'><strong>limatus</strong></span> <span class='ocrx_word' id='word_1_89' title='bbox 1268 1116 1444 1191; x_wconf 87' lang='lat' dir='ltr'><strong>atque</strong></span> <span class='ocrx_word' id='word_1_90' title='bbox 1485 1109 1717 1173; x_wconf 88' lang='lat' dir='ltr'><strong>subtilis</strong></span> <span class='ocrx_word' id='word_1_91' title='bbox 1747 1118 1950 1192; x_wconf 88' lang='lat' dir='ltr'><strong>atque,</strong></span> <span class='ocrx_word' id='word_1_92' title='bbox 1995 1119 2061 1173; x_wconf 87' lang='lat' dir='ltr'><strong>ut</strong></span> <span class='ocrx_word' id='word_1_93' title='bbox 2106 1130 2217 1192; x_wconf 84' lang='lat' dir='ltr'><strong>ego</strong></span> <span class='ocrx_word' id='word_1_94' title='bbox 2247 1112 2409 1174; x_wconf 88' lang='lat' dir='ltr'><strong>soleo</strong></span> <span class='ocrx_word' id='word_1_95' title='bbox 2429 1113 2660 1188; x_wconf 84' lang='lat' dir='ltr'><strong>dicere,</strong></span> 
     </span>
     <span class='ocr_line' id='line_1_11' title="bbox 423 1192 2661 1278; baseline 0.002 -21"><span class='ocrx_word' id='word_1_96' title='bbox 423 1198 570 1258; x_wconf 91' lang='lat' dir='ltr'><strong>iuris</strong></span> <span class='ocrx_word' id='word_1_97' title='bbox 598 1197 927 1276; x_wconf 88' lang='lat' dir='ltr'><strong>peritorum</strong></span> <span class='ocrx_word' id='word_1_98' title='bbox 960 1192 1498 1276; x_wconf 86' lang='lat' dir='ltr'><strong>eloquentissimus,</strong></span> <span class='ocrx_word' id='word_1_99' title='bbox 1531 1195 1935 1278; x_wconf 85' lang='lat' dir='ltr'><strong>eloquentium</strong></span> <span class='ocrx_word' id='word_1_100' title='bbox 1965 1197 2111 1258; x_wconf 87' lang='lat' dir='ltr'><strong>iuris</strong></span> <span class='ocrx_word' id='word_1_101' title='bbox 2138 1198 2552 1278; x_wconf 89' lang='lat' dir='ltr'><strong>peritissimus,</strong></span> <span class='ocrx_word' id='word_1_102' title='bbox 2587 1219 2661 1263; x_wconf 87' lang='lat' dir='ltr'><strong>ex</strong></span> 
     </span>
     <span class='ocr_line' id='line_1_12' title="bbox 397 1281 2663 1364; baseline 0.001 -20"><span class='ocrx_word' id='word_1_103' title='bbox 397 1283 648 1362; x_wconf 88' lang='lat' dir='ltr'><strong>·scripto</strong></span> <span class='ocrx_word' id='word_1_104' title='bbox 688 1287 1178 1344; x_wconf 84' lang='lat' dir='ltr'><strong>testamentorum</strong></span> <span class='ocrx_word' id='word_1_105' title='bbox 1218 1282 1349 1343; x_wconf 89' lang='lat' dir='ltr'><strong>iura</strong></span> <span class='ocrx_word' id='word_1_106' title='bbox 1393 1281 1743 1344; x_wconf 81' lang='lat' dir='ltr'><strong>defenderet</strong></span> <span class='ocrx_word' id='word_1_107' title='bbox 1771 1288 2161 1362; x_wconf 84' lang='lat' dir='ltr'><strong>negaretque,</strong></span> <span class='ocrx_word' id='word_1_108' title='bbox 2209 1284 2326 1344; x_wconf 90' lang='lat' dir='ltr'><strong>nisi</strong></span> <span class='ocrx_word' id='word_1_109' title='bbox 2352 1291 2663 1364; x_wconf 86' lang='lat' dir='ltr'><strong>postumus</strong></span> 
     </span>
     <span class='ocr_line' id='line_1_13' title="bbox 426 1365 2664 1447; baseline 0.001 -19"><span class='ocrx_word' id='word_1_110' title='bbox 426 1373 485 1428; x_wconf 85' lang='lat' dir='ltr'><strong>et</strong></span> <span class='ocrx_word' id='word_1_111' title='bbox 515 1373 687 1429; x_wconf 88' lang='lat' dir='ltr'><strong>natus</strong></span> <span class='ocrx_word' id='word_1_112' title='bbox 708 1374 805 1438; x_wconf 82' lang='lat' dir='ltr'><strong>et,</strong></span> <span class='ocrx_word' id='word_1_113' title='bbox 838 1372 1155 1447; x_wconf 85' lang='lat' dir='ltr'><strong>antequam</strong></span> <span class='ocrx_word' id='word_1_114' title='bbox 1184 1367 1248 1428; x_wconf 90' lang='lat' dir='ltr'><strong>in</strong></span> <span class='ocrx_word' id='word_1_115' title='bbox 1277 1384 1446 1429; x_wconf 90' lang='lat' dir='ltr'><strong>suam</strong></span> <span class='ocrx_word' id='word_1_116' title='bbox 1476 1365 1722 1428; x_wconf 90' lang='lat' dir='ltr'><strong>tutelam</strong></span> <span class='ocrx_word' id='word_1_117' title='bbox 1749 1367 1996 1438; x_wconf 86' lang='lat' dir='ltr'><strong>veniret,</strong></span> <span class='ocrx_word' id='word_1_118' title='bbox 2028 1373 2298 1430; x_wconf 88' lang='lat' dir='ltr'><strong>mortuus</strong></span> <span class='ocrx_word' id='word_1_119' title='bbox 2330 1375 2524 1441; x_wconf 85' lang='lat' dir='ltr'><strong>esset,</strong></span> <span class='ocrx_word' id='word_1_120' title='bbox 2558 1370 2664 1431; x_wconf 90' lang='lat' dir='ltr'><strong>he·</strong></span> 
     </span>
     <span class='ocr_line' id='line_1_14' title="bbox 424 1451 2665 1533; baseline 0.002 -21"><span class='ocrx_word' id='word_1_121' title='bbox 424 1451 630 1514; x_wconf 88' lang='lat' dir='ltr'><strong>redem</strong></span> <span class='ocrx_word' id='word_1_122' title='bbox 662 1470 798 1519; x_wconf 90' lang='lat' dir='ltr'><strong>eum</strong></span> <span class='ocrx_word' id='word_1_123' title='bbox 829 1469 959 1513; x_wconf 86' lang='lat' dir='ltr'><strong>esse</strong></span> <span class='ocrx_word' id='word_1_124' title='bbox 987 1469 1162 1531; x_wconf 89' lang='lat' dir='ltr'><strong>posse</strong></span> <span class='ocrx_word' id='word_1_125' title='bbox 1179 1499 1196 1524; x_wconf 89' lang='lat'><strong><em>,</em></strong></span> <span class='ocrx_word' id='word_1_126' title='bbox 1228 1453 1331 1533; x_wconf 87' lang='lat' dir='ltr'><strong>qui</strong></span> <span class='ocrx_word' id='word_1_127' title='bbox 1362 1458 1520 1514; x_wconf 86' lang='lat' dir='ltr'><strong>esset</strong></span> <span class='ocrx_word' id='word_1_128' title='bbox 1547 1451 1874 1514; x_wconf 89' lang='lat' dir='ltr'><strong>secundum</strong></span> <span class='ocrx_word' id='word_1_129' title='bbox 1905 1458 2246 1532; x_wconf 88' lang='lat' dir='ltr'><strong>postumum</strong></span> <span class='ocrx_word' id='word_1_130' title='bbox 2279 1460 2339 1515; x_wconf 90' lang='lat' dir='ltr'><strong>et</strong></span> <span class='ocrx_word' id='word_1_131' title='bbox 2369 1461 2573 1516; x_wconf 82' lang='lat' dir='ltr'><strong>natum</strong></span> <span class='ocrx_word' id='word_1_132' title='bbox 2606 1462 2665 1516; x_wconf 91' lang='lat' dir='ltr'><strong>et</strong></span> 
     </span>
     <span class='ocr_line' id='line_1_15' title="bbox 423 1535 2662 1617; baseline 0.002 -18"><span class='ocrx_word' id='word_1_133' title='bbox 423 1544 726 1600; x_wconf 89' lang='lat' dir='ltr'><strong>mortuum</strong></span> <span class='ocrx_word' id='word_1_134' title='bbox 770 1536 950 1598; x_wconf 89' lang='lat' dir='ltr'><strong>heres</strong></span> <span class='ocrx_word' id='word_1_135' title='bbox 991 1537 1329 1608; x_wconf 89' lang='lat' dir='ltr'><strong>institutus;</strong></span> <span class='ocrx_word' id='word_1_136' title='bbox 1378 1555 1490 1617; x_wconf 84' lang='lat' dir='ltr'><strong>ego</strong></span> <span class='ocrx_word' id='word_1_137' title='bbox 1533 1544 1731 1599; x_wconf 87' lang='lat' dir='ltr'><strong>autem</strong></span> <span class='ocrx_word' id='word_1_138' title='bbox 1775 1535 2162 1599; x_wconf 83' lang='lat' dir='ltr'><strong>defenderem</strong></span> <span class='ocrx_word' id='word_1_139' title='bbox 2209 1538 2322 1599; x_wconf 90' lang='lat' dir='ltr'><strong>hac</strong></span> <span class='ocrx_word' id='word_1_140' title='bbox 2369 1557 2505 1601; x_wconf 89' lang='lat' dir='ltr'><strong>eum</strong></span> <span class='ocrx_word' id='word_1_141' title='bbox 2535 1546 2662 1603; x_wconf 89' lang='lat' dir='ltr'><strong>tum</strong></span> 
     </span>
     <span class='ocr_line' id='line_1_16' title="bbox 424 1621 2665 1706; baseline 0.002 -22"><span class='ocrx_word' id='word_1_142' title='bbox 424 1631 625 1686; x_wconf 89' lang='lat' dir='ltr'><strong>mente</strong></span> <span class='ocrx_word' id='word_1_143' title='bbox 653 1623 868 1693; x_wconf 82' lang='lat' dir='ltr'><strong>fulsse,</strong></span> <span class='ocrx_word' id='word_1_144' title='bbox 901 1622 1003 1703; x_wconf 89' lang='lat' dir='ltr'><strong>qui</strong></span> <span class='ocrx_word' id='word_1_145' title='bbox 1031 1628 1450 1685; x_wconf 86' lang='lat' dir='ltr'><strong>testamentum</strong></span> <span class='ocrx_word' id='word_1_146' title='bbox 1481 1622 1746 1693; x_wconf 80' lang='lat' dir='ltr'><strong>fecisset,</strong></span> <span class='ocrx_word' id='word_1_147' title='bbox 1788 1629 1883 1695; x_wconf 91' lang='lat' dir='ltr'><strong>ut,</strong></span> <span class='ocrx_word' id='word_1_148' title='bbox 1928 1623 1979 1683; x_wconf 88' lang='lat' dir='ltr'><strong>si</strong></span> <span class='ocrx_word' id='word_1_149' title='bbox 2008 1621 2162 1684; x_wconf 77' lang='lat' dir='ltr'><strong>tilius</strong></span> <span class='ocrx_word' id='word_1_150' title='bbox 2190 1640 2313 1685; x_wconf 91' lang='lat' dir='ltr'><strong>non</strong></span> <span class='ocrx_word' id='word_1_151' title='bbox 2343 1632 2530 1696; x_wconf 88' lang='lat' dir='ltr'><strong>esset,</strong></span> <span class='ocrx_word' id='word_1_152' title='bbox 2563 1626 2665 1706; x_wconf 89' lang='lat' dir='ltr'><strong>qui</strong></span> 
     </span>
     <span class='ocr_line' id='line_1_17' title="bbox 423 1707 2665 1779; baseline 0.001 -10"><span class='ocrx_word' id='word_1_153' title='bbox 423 1709 485 1769; x_wconf 86' lang='lat' dir='ltr'><strong>in</strong></span> <span class='ocrx_word' id='word_1_154' title='bbox 517 1727 685 1771; x_wconf 85' lang='lat' dir='ltr'><strong>suam</strong></span> <span class='ocrx_word' id='word_1_155' title='bbox 714 1708 959 1769; x_wconf 88' lang='lat' dir='ltr'><strong>tutelam</strong></span> <span class='ocrx_word' id='word_1_156' title='bbox 983 1708 1239 1779; x_wconf 85' lang='lat' dir='ltr'><strong>veniret,</strong></span> <span class='ocrx_word' id='word_1_157' title='bbox 1266 1708 1361 1770; x_wconf 87' lang='grc' dir='ltr'><strong>Μ’.</strong></span> <span class='ocrx_word' id='word_1_158' title='bbox 1396 1708 1607 1771; x_wconf 89' lang='lat' dir='ltr'><strong>Curius</strong></span> <span class='ocrx_word' id='word_1_159' title='bbox 1637 1714 1793 1769; x_wconf 88' lang='lat' dir='ltr'><strong>esset</strong></span> <span class='ocrx_word' id='word_1_160' title='bbox 1821 1707 2026 1769; x_wconf 90' lang='lat' dir='ltr'><strong>heres:</strong></span> <span class='ocrx_word' id='word_1_161' title='bbox 2076 1726 2218 1770; x_wconf 90' lang='lat' dir='ltr'><strong>num</strong></span> <span class='ocrx_word' id='word_1_162' title='bbox 2251 1708 2474 1771; x_wconf 84' lang='lat' dir='ltr'><strong>destitit</strong></span> <span class='ocrx_word' id='word_1_163' title='bbox 2501 1718 2665 1772; x_wconf 90' lang='lat' dir='ltr'><strong>uter-</strong></span> 
     </span>
     <span class='ocr_line' id='line_1_18' title="bbox 429 1791 2664 1874; baseline 0 -19"><span class='ocrx_word' id='word_1_164' title='bbox 429 1812 546 1873; x_wconf 90' lang='lat' dir='ltr'><strong>que</strong></span> <span class='ocrx_word' id='word_1_165' title='bbox 575 1800 846 1855; x_wconf 86' lang='lat' dir='ltr'><strong>nostrum</strong></span> <span class='ocrx_word' id='word_1_166' title='bbox 875 1793 940 1853; x_wconf 93' lang='lat' dir='ltr'><strong>in</strong></span> <span class='ocrx_word' id='word_1_167' title='bbox 972 1810 1041 1854; x_wconf 84' lang='lat' dir='ltr'><strong>ea</strong></span> <span class='ocrx_word' id='word_1_168' title='bbox 1071 1810 1272 1865; x_wconf 87' lang='lat' dir='ltr'><strong>causa,</strong></span> <span class='ocrx_word' id='word_1_169' title='bbox 1303 1792 1366 1854; x_wconf 92' lang='lat' dir='ltr'><strong>in</strong></span> <span class='ocrx_word' id='word_1_170' title='bbox 1399 1791 1881 1863; x_wconf 86' lang='lat' dir='ltr'><strong>auctoritatibus,</strong></span> <span class='ocrx_word' id='word_1_171' title='bbox 1926 1793 1991 1854; x_wconf 89' lang='lat' dir='ltr'><strong>in</strong></span> <span class='ocrx_word' id='word_1_172' title='bbox 2020 1791 2336 1874; x_wconf 84' lang='lat' dir='ltr'><strong>exemplis,</strong></span> <span class='ocrx_word' id='word_1_173' title='bbox 2382 1796 2446 1855; x_wconf 90' lang='lat' dir='ltr'><strong>in</strong></span> <span class='ocrx_word' id='word_1_174' title='bbox 2485 1802 2664 1856; x_wconf 87' lang='lat' dir='ltr'><strong>testa-</strong></span> 
     </span>
     <span class='ocr_line' id='line_1_19' title="bbox 254 1874 2665 1950; baseline -0.001 -8"><span class='ocrx_word' id='word_1_175' title='bbox 254 1874 446 1949; x_wconf 74' lang='lat'>40181</span> <span class='ocrx_word' id='word_1_176' title='bbox 473 1885 814 1942; x_wconf 87' lang='lat' dir='ltr'><strong>mentorum</strong></span> <span class='ocrx_word' id='word_1_177' title='bbox 844 1875 1142 1948; x_wconf 81' lang='lat' dir='ltr'><strong>formulis,</strong></span> <span class='ocrx_word' id='word_1_178' title='bbox 1176 1877 1290 1939; x_wconf 90' lang='lat' dir='ltr'><strong>hoc</strong></span> <span class='ocrx_word' id='word_1_179' title='bbox 1321 1885 1437 1950; x_wconf 88' lang='lat' dir='ltr'><strong>est,</strong></span> <span class='ocrx_word' id='word_1_180' title='bbox 1469 1879 1533 1940; x_wconf 91' lang='lat' dir='ltr'><strong>in</strong></span> <span class='ocrx_word' id='word_1_181' title='bbox 1563 1877 1760 1940; x_wconf 90' lang='lat' dir='ltr'><strong>medio</strong></span> <span class='ocrx_word' id='word_1_182' title='bbox 1789 1879 1920 1940; x_wconf 89' lang='lat' dir='ltr'><strong>iure</strong></span> <span class='ocrx_word' id='word_1_183' title='bbox 1951 1877 2107 1939; x_wconf 87' lang='lat' dir='ltr'><strong>civili</strong></span> <span class='ocrx_word' id='word_1_184' title='bbox 2136 1879 2396 1940; x_wconf 84' lang='lat' dir='ltr'><strong>versari?</strong></span> <span class='ocrx_word' id='word_1_185' title='bbox 2444 1878 2665 1942; x_wconf 86' lang='lat' dir='ltr'><strong>Omitto</strong></span> 
     </span>
     <span class='ocr_line' id='line_1_20' title="bbox 422 1961 2665 2044; baseline 0.001 -20"><span class='ocrx_word' id='word_1_186' title='bbox 422 1964 542 2025; x_wconf 90' lang='lat' dir='ltr'><strong>iam</strong></span> <span class='ocrx_word' id='word_1_187' title='bbox 571 1962 744 2043; x_wconf 89' lang='lat' dir='ltr'><strong>plura</strong></span> <span class='ocrx_word' id='word_1_188' title='bbox 774 1961 1039 2042; x_wconf 88' lang='lat' dir='ltr'><strong>exempla</strong></span> <span class='ocrx_word' id='word_1_189' title='bbox 1073 1979 1385 2025; x_wconf 89' lang='lat' dir='ltr'><strong>causarum</strong></span> <span class='ocrx_word' id='word_1_190' title='bbox 1416 1963 1940 2044; x_wconf 85' lang='lat' dir='ltr'><strong>amplissimarum,</strong></span> <span class='ocrx_word' id='word_1_191' title='bbox 1974 1981 2125 2044; x_wconf 90' lang='lat' dir='ltr'><strong>quae</strong></span> <span class='ocrx_word' id='word_1_192' title='bbox 2154 1970 2293 2025; x_wconf 89' lang='lat' dir='ltr'><strong>sunt</strong></span> <span class='ocrx_word' id='word_1_193' title='bbox 2323 1964 2665 2026; x_wconf 88' lang='lat' dir='ltr'><strong>innumera·</strong></span> 
     </span>
     <span class='ocr_line' id='line_1_21' title="bbox 424 2046 2663 2128; baseline 0 -19"><span class='ocrx_word' id='word_1_194' title='bbox 424 2046 595 2109; x_wconf 84' lang='lat' dir='ltr'><strong>bilia:</strong></span> <span class='ocrx_word' id='word_1_195' title='bbox 639 2048 848 2127; x_wconf 87' lang='lat' dir='ltr'><strong>capitis</strong></span> <span class='ocrx_word' id='word_1_196' title='bbox 890 2047 1077 2109; x_wconf 88' lang='lat' dir='ltr'><strong>nostri</strong></span> <span class='ocrx_word' id='word_1_197' title='bbox 1117 2065 1294 2127; x_wconf 89' lang='lat' dir='ltr'><strong>saepe</strong></span> <span class='ocrx_word' id='word_1_198' title='bbox 1335 2055 1532 2128; x_wconf 87' lang='lat' dir='ltr'><strong>potest</strong></span> <span class='ocrx_word' id='word_1_199' title='bbox 1572 2047 1845 2110; x_wconf 89' lang='lat' dir='ltr'><strong>accidere</strong></span> <span class='ocrx_word' id='word_1_200' title='bbox 1876 2054 1958 2110; x_wconf 81' lang='grc' dir='ltr'>-ιιι</span> <span class='ocrx_word' id='word_1_201' title='bbox 2004 2065 2215 2110; x_wconf 86' lang='lat' dir='ltr'><strong>causae</strong></span> <span class='ocrx_word' id='word_1_202' title='bbox 2259 2055 2570 2110; x_wconf 86' lang='lat' dir='ltr'><strong>versentur</strong></span> <span class='ocrx_word' id='word_1_203' title='bbox 2599 2052 2663 2111; x_wconf 89' lang='lat' dir='ltr'><strong>in</strong></span> 
     </span>
     <span class='ocr_line' id='line_1_22' title="bbox 424 2132 2664 2214; baseline 0 -18"><span class='ocrx_word' id='word_1_204' title='bbox 424 2134 575 2196; x_wconf 88' lang='lat' dir='ltr'><strong>iure.</strong></span> <span class='ocrx_word' id='word_1_205' title='bbox 635 2132 871 2195; x_wconf 89' lang='lat' dir='ltr'><strong>Etenim</strong></span> <span class='ocrx_word' id='word_1_206' title='bbox 900 2134 951 2194; x_wconf 89' lang='lat' dir='ltr'><strong>si</strong></span> <span class='ocrx_word' id='word_1_207' title='bbox 982 2133 1044 2195; x_wconf 89' lang='lat' dir='ltr'><strong>C.</strong></span> <span class='ocrx_word' id='word_1_208' title='bbox 1076 2132 1414 2195; x_wconf 90' lang='lat' dir='ltr'><strong>Mancinum</strong></span> <span class='ocrx_word' id='word_1_209' title='bbox 1431 2181 1446 2206; x_wconf 93' lang='lat'><strong><em>,</em></strong></span> <span class='ocrx_word' id='word_1_210' title='bbox 1483 2132 1916 2195; x_wconf 86' lang='lat' dir='ltr'><strong>nobilissimum</strong></span> <span class='ocrx_word' id='word_1_211' title='bbox 1945 2140 2120 2214; x_wconf 83' lang='lat' dir='ltr'><strong>atque</strong></span> <span class='ocrx_word' id='word_1_212' title='bbox 2152 2134 2443 2214; x_wconf 90' lang='lat' dir='ltr'><strong>optimum</strong></span> <span class='ocrx_word' id='word_1_213' title='bbox 2472 2135 2664 2197; x_wconf 89' lang='lat' dir='ltr'><strong>virum</strong></span> 
     </span>
    </p>
   </div>
   <div class='ocr_carea' id='block_1_3' title="bbox 419 2388 1496 4356">
    <p class='ocr_par' dir='ltr' id='par_1_3' title="bbox 420 2388 1496 2999">
     <span class='ocr_line' id='line_1_23' title="bbox 425 2388 1490 2453; baseline 0 -12"><span class='ocrx_word' id='word_1_214' title='bbox 425 2388 618 2451; x_wconf 84' lang='lat' dir='ltr'><strong>Quodsi</strong></span> <span class='ocrx_word' id='word_1_215' title='bbox 640 2389 712 2439; x_wconf 80' lang='lat' dir='ltr'><strong>ita</strong></span> <span class='ocrx_word' id='word_1_216' title='bbox 734 2388 799 2439; x_wconf 81' lang='lat' dir='ltr'><strong>sit</strong></span> <span class='ocrx_word' id='word_1_217' title='bbox 821 2394 1028 2440; x_wconf 82' lang='lat' dir='ltr'><strong>cautum</strong></span> <span class='ocrx_word' id='word_1_218' title='bbox 1051 2404 1113 2440; x_wconf 82' lang='lat' dir='ltr'><strong>ne</strong></span> <span class='ocrx_word' id='word_1_219' title='bbox 1131 2389 1391 2441; x_wconf 70' lang='lat' dir='ltr'><strong>luminibus</strong></span> <span class='ocrx_word' id='word_1_220' title='bbox 1410 2390 1490 2453; x_wconf 76' lang='lat' dir='ltr'><strong>of-</strong></span> 
     </span>
     <span class='ocr_line' id='line_1_24' title="bbox 420 2456 1488 2524; baseline -0.001 -15"><span class='ocrx_word' id='word_1_221' title='bbox 420 2456 897 2523; x_wconf 74' lang='lat' dir='ltr'><strong>ficiatur,ambigna</strong></span> <span class='ocrx_word' id='word_1_222' title='bbox 908 2465 985 2508; x_wconf 83' lang='lat' dir='ltr'><strong>est</strong></span> <span class='ocrx_word' id='word_1_223' title='bbox 1004 2457 1269 2524; x_wconf 79' lang='lat' dir='ltr'><strong>scriptura,</strong></span> <span class='ocrx_word' id='word_1_224' title='bbox 1297 2467 1488 2509; x_wconf 82' lang='lat' dir='ltr'><strong>utrum-</strong></span> 
     </span>
     <span class='ocr_line' id='line_1_25' title="bbox 426 2524 1493 2591; baseline 0 -15"><span class='ocrx_word' id='word_1_225' title='bbox 426 2542 492 2577; x_wconf 88' lang='lat' dir='ltr'><strong>ne</strong></span> <span class='ocrx_word' id='word_1_226' title='bbox 501 2524 778 2577; x_wconf 80' lang='lat' dir='ltr'><strong>luminibus</strong></span> <span class='ocrx_word' id='word_1_227' title='bbox 791 2524 1041 2578; x_wconf 78' lang='lat' dir='ltr'><strong>officiatur</strong></span> <span class='ocrx_word' id='word_1_228' title='bbox 1053 2540 1186 2590; x_wconf 80' lang='lat' dir='ltr'><strong>quae</strong></span> <span class='ocrx_word' id='word_1_229' title='bbox 1205 2541 1339 2576; x_wconf 90' lang='lat' dir='ltr'><strong>nunc</strong></span> <span class='ocrx_word' id='word_1_230' title='bbox 1352 2535 1493 2591; x_wconf 86' lang='lat' dir='ltr'><strong>sunt,</strong></span> 
     </span>
     <span class='ocr_line' id='line_1_26' title="bbox 426 2592 1492 2660; baseline 0 -17"><span class='ocrx_word' id='word_1_231' title='bbox 426 2609 492 2644; x_wconf 81' lang='lat' dir='ltr'><strong>an</strong></span> <span class='ocrx_word' id='word_1_232' title='bbox 540 2594 689 2645; x_wconf 78' lang='lat' dir='ltr'><strong>etiam</strong></span> <span class='ocrx_word' id='word_1_233' title='bbox 734 2592 844 2658; x_wconf 84' lang='lat' dir='ltr'><strong>his,</strong></span> <span class='ocrx_word' id='word_1_234' title='bbox 892 2608 1023 2658; x_wconf 80' lang='lat' dir='ltr'><strong>quae</strong></span> <span class='ocrx_word' id='word_1_235' title='bbox 1064 2600 1246 2660; x_wconf 81' lang='lat' dir='ltr'><strong>postea</strong></span> <span class='ocrx_word' id='word_1_236' title='bbox 1288 2609 1492 2659; x_wconf 87' lang='lat' dir='ltr'><strong>quoque</strong></span> 
     </span>
     <span class='ocr_line' id='line_1_27' title="bbox 426 2661 1489 2728; baseline 0 -16"><span class='ocrx_word' id='word_1_237' title='bbox 426 2662 630 2716; x_wconf 75' lang='lat' dir='ltr'><strong>fuerint.</strong></span> <span class='ocrx_word' id='word_1_238' title='bbox 683 2661 859 2713; x_wconf 81' lang='lat' dir='ltr'><strong>Fufius</strong></span> <span class='ocrx_word' id='word_1_239' title='bbox 893 2661 1061 2713; x_wconf 75' lang='lat' dir='ltr'><strong>wollte</strong></span> <span class='ocrx_word' id='word_1_240' title='bbox 1094 2661 1217 2713; x_wconf 83' lang='lat' dir='ltr'><strong>aber</strong></span> <span class='ocrx_word' id='word_1_241' title='bbox 1246 2661 1369 2728; x_wconf 84' lang='lat' dir='ltr'><strong>jeue</strong></span> <span class='ocrx_word' id='word_1_242' title='bbox 1392 2662 1489 2712; x_wconf 92' lang='lat' dir='ltr'><strong>Be-</strong></span> 
     </span>
     <span class='ocr_line' id='line_1_28' title="bbox 426 2730 1488 2796; baseline 0 -15"><span class='ocrx_word' id='word_1_243' title='bbox 426 2732 703 2796; x_wconf 75' lang='lat' dir='ltr'><strong>stimmung</strong></span> <span class='ocrx_word' id='word_1_244' title='bbox 723 2730 777 2780; x_wconf 91' lang='lat' dir='ltr'><strong>in</strong></span> <span class='ocrx_word' id='word_1_245' title='bbox 802 2730 918 2780; x_wconf 88' lang='lat' dir='ltr'><strong>dem</strong></span> <span class='ocrx_word' id='word_1_246' title='bbox 942 2731 1179 2781; x_wconf 80' lang='lat' dir='ltr'><strong>weiteren</strong></span> <span class='ocrx_word' id='word_1_247' title='bbox 1200 2730 1357 2782; x_wconf 88' lang='lat' dir='ltr'><strong>Sinne</strong></span> <span class='ocrx_word' id='word_1_248' title='bbox 1376 2746 1488 2781; x_wconf 85' lang='lat' dir='ltr'><strong>ver-</strong></span> 
     </span>
     <span class='ocr_line' id='line_1_29' title="bbox 426 2797 1494 2864; baseline 0 -16"><span class='ocrx_word' id='word_1_249' title='bbox 426 2799 640 2849; x_wconf 74' lang='lat' dir='ltr'><strong>standon</strong></span> <span class='ocrx_word' id='word_1_250' title='bbox 675 2797 865 2848; x_wconf 87' lang='lat' dir='ltr'><strong>wissen</strong></span> <span class='ocrx_word' id='word_1_251' title='bbox 898 2797 975 2848; x_wconf 84' lang='lat' dir='ltr'><strong>als</strong></span> <span class='ocrx_word' id='word_1_252' title='bbox 1019 2813 1185 2864; x_wconf 80' lang='lat' dir='ltr'><strong>gegen</strong></span> <span class='ocrx_word' id='word_1_253' title='bbox 1213 2798 1334 2863; x_wconf 84' lang='lat' dir='ltr'><strong>jede</strong></span> <span class='ocrx_word' id='word_1_254' title='bbox 1365 2800 1494 2850; x_wconf 82' lang='lat' dir='ltr'><strong>Ver-</strong></span> 
     </span>
     <span class='ocr_line' id='line_1_30' title="bbox 424 2862 1496 2932; baseline 0.001 -16"><span class='ocrx_word' id='word_1_255' title='bbox 424 2880 676 2932; x_wconf 82' lang='lat' dir='ltr'><strong>sperrung</strong></span> <span class='ocrx_word' id='word_1_256' title='bbox 698 2865 790 2915; x_wconf 87' lang='lat' dir='ltr'><strong>der</strong></span> <span class='ocrx_word' id='word_1_257' title='bbox 798 2864 1041 2915; x_wconf 88' lang='lat' dir='ltr'><strong>Aussicht</strong></span> <span class='ocrx_word' id='word_1_258' title='bbox 1064 2862 1221 2932; x_wconf 80' lang='lat' dir='ltr'><strong>(auch</strong></span> <span class='ocrx_word' id='word_1_259' title='bbox 1245 2866 1374 2917; x_wconf 77' lang='lat' dir='ltr'><strong>nach</strong></span> <span class='ocrx_word' id='word_1_260' title='bbox 1395 2867 1496 2917; x_wconf 90' lang='lat' dir='ltr'><strong>den</strong></span> 
     </span>
     <span class='ocr_line' id='line_1_31' title="bbox 426 2931 1356 2999; baseline 0.002 -15"><span class='ocrx_word' id='word_1_261' title='bbox 426 2932 788 2984; x_wconf 77' lang='lat' dir='ltr'><strong>entferntesten</strong></span> <span class='ocrx_word' id='word_1_262' title='bbox 810 2931 1072 2999; x_wconf 82' lang='lat' dir='ltr'><strong>Punkten)</strong></span> <span class='ocrx_word' id='word_1_263' title='bbox 1096 2934 1356 2998; x_wconf 82' lang='lat' dir='ltr'><strong>gerichtet.</strong></span> 
     </span>
    </p>

    <p class='ocr_par' dir='ltr' id='par_1_4' title="bbox 419 2999 1495 3610">
     <span class='ocr_line' id='line_1_32' title="bbox 495 2999 1495 3066; baseline -0.001 -13"><span class='ocrx_word' id='word_1_264' title='bbox 495 3001 810 3066; x_wconf 77' lang='lat' dir='ltr'><strong>efficeretur,</strong></span> <span class='ocrx_word' id='word_1_265' title='bbox 847 2999 1050 3051; x_wconf 82' lang='lat' dir='ltr'><strong>officere</strong></span> <span class='ocrx_word' id='word_1_266' title='bbox 1093 3002 1200 3051; x_wconf 83' lang='lat' dir='ltr'><strong>und</strong></span> <span class='ocrx_word' id='word_1_267' title='bbox 1235 3002 1495 3054; x_wconf 83' lang='lat' dir='ltr'><strong>obstruere</strong></span> 
     </span>
     <span class='ocr_line' id='line_1_33' title="bbox 426 3066 1494 3121; baseline 0.001 -1"><span class='ocrx_word' id='word_1_268' title='bbox 426 3069 542 3120; x_wconf 88' lang='lat' dir='ltr'><strong>sind</strong></span> <span class='ocrx_word' id='word_1_269' title='bbox 577 3070 662 3120; x_wconf 84' lang='lat' dir='ltr'><strong>die</strong></span> <span class='ocrx_word' id='word_1_270' title='bbox 694 3066 1021 3118; x_wconf 85' lang='lat' dir='ltr'><strong>technischen</strong></span> <span class='ocrx_word' id='word_1_271' title='bbox 1054 3069 1358 3120; x_wconf 82' lang='lat' dir='ltr'><strong>Ausdriicke</strong></span> <span class='ocrx_word' id='word_1_272' title='bbox 1392 3085 1494 3121; x_wconf 87' lang='lat' dir='ltr'><strong>von</strong></span> 
     </span>
     <span class='ocr_line' id='line_1_34' title="bbox 425 3134 1495 3201; baseline 0 -13"><span class='ocrx_word' id='word_1_273' title='bbox 425 3138 568 3201; x_wconf 88' lang='lat' dir='ltr'><strong>dem,</strong></span> <span class='ocrx_word' id='word_1_274' title='bbox 596 3137 688 3187; x_wconf 86' lang='lat' dir='ltr'><strong>der</strong></span> <span class='ocrx_word' id='word_1_275' title='bbox 711 3137 829 3187; x_wconf 89' lang='lat' dir='ltr'><strong>dem</strong></span> <span class='ocrx_word' id='word_1_276' title='bbox 851 3134 1084 3192; x_wconf 81' lang='lat' dir='ltr'><strong>Nachbar</strong></span> <span class='ocrx_word' id='word_1_277' title='bbox 1107 3137 1201 3187; x_wconf 83' lang='lat' dir='ltr'><strong>das</strong></span> <span class='ocrx_word' id='word_1_278' title='bbox 1218 3136 1364 3187; x_wconf 87' lang='lat' dir='ltr'><strong>Licht</strong></span> <span class='ocrx_word' id='word_1_279' title='bbox 1383 3154 1495 3188; x_wconf 86' lang='lat' dir='ltr'><strong>ver·</strong></span> 
     </span>
     <span class='ocr_line' id='line_1_35' title="bbox 424 3204 1492 3271; baseline -0.001 -14"><span class='ocrx_word' id='word_1_280' title='bbox 424 3207 564 3269; x_wconf 77' lang='lat' dir='ltr'><strong>baut,</strong></span> <span class='ocrx_word' id='word_1_281' title='bbox 590 3212 646 3256; x_wconf 81' lang='lat' dir='ltr'><strong>ut</strong></span> <span class='ocrx_word' id='word_1_282' title='bbox 667 3219 783 3256; x_wconf 88' lang='lat' dir='ltr'><strong>cum</strong></span> <span class='ocrx_word' id='word_1_283' title='bbox 809 3204 862 3254; x_wconf 89' lang='lat' dir='ltr'><strong>in</strong></span> <span class='ocrx_word' id='word_1_284' title='bbox 885 3219 1000 3255; x_wconf 80' lang='lat' dir='ltr'><strong>arce</strong></span> <span class='ocrx_word' id='word_1_285' title='bbox 1023 3205 1292 3271; x_wconf 79' lang='lat' dir='ltr'><strong>augurium</strong></span> <span class='ocrx_word' id='word_1_286' title='bbox 1326 3220 1492 3271; x_wconf 80' lang='lat' dir='ltr'><strong>augu-</strong></span> 
     </span>
     <span class='ocr_line' id='line_1_36' title="bbox 425 3273 1488 3338; baseline 0.003 -14"><span class='ocrx_word' id='word_1_287' title='bbox 425 3289 508 3325; x_wconf 85' lang='lat' dir='ltr'><strong>res</strong></span> <span class='ocrx_word' id='word_1_288' title='bbox 542 3273 702 3324; x_wconf 82' lang='lat' dir='ltr'><strong>acturi</strong></span> <span class='ocrx_word' id='word_1_289' title='bbox 746 3280 946 3336; x_wconf 82' lang='lat' dir='ltr'><strong>essent,</strong></span> <span class='ocrx_word' id='word_1_290' title='bbox 992 3273 1370 3338; x_wconf 81' lang='lat' dir='ltr'><strong>iussissentque</strong></span> <span class='ocrx_word' id='word_1_291' title='bbox 1409 3275 1488 3329; x_wconf 89' lang='lat' dir='ltr'><strong>Ti.</strong></span> 
     </span>
     <span class='ocr_line' id='line_1_37' title="bbox 429 3340 1493 3404; baseline -0.002 -10"><span class='ocrx_word' id='word_1_292' title='bbox 429 3341 726 3402; x_wconf 77' lang='lat' dir='ltr'><strong>Claudium,</strong></span> <span class='ocrx_word' id='word_1_293' title='bbox 752 3341 839 3404; x_wconf 88' lang='lat' dir='ltr'><strong>qui</strong></span> <span class='ocrx_word' id='word_1_294' title='bbox 862 3340 1016 3393; x_wconf 78' lang='lat' dir='ltr'><strong>aedes</strong></span> <span class='ocrx_word' id='word_1_295' title='bbox 1044 3342 1096 3391; x_wconf 87' lang='lat' dir='ltr'><strong>in</strong></span> <span class='ocrx_word' id='word_1_296' title='bbox 1125 3341 1293 3393; x_wconf 88' lang='lat' dir='ltr'><strong>Coelio</strong></span> <span class='ocrx_word' id='word_1_297' title='bbox 1319 3353 1493 3392; x_wconf 85' lang='lat' dir='ltr'><strong>monte</strong></span> 
     </span>
     <span class='ocr_line' id='line_1_38' title="bbox 426 3409 1489 3477; baseline 0.001 -17"><span class='ocrx_word' id='word_1_298' title='bbox 426 3410 665 3474; x_wconf 80' lang='lat' dir='ltr'><strong>habebat,</strong></span> <span class='ocrx_word' id='word_1_299' title='bbox 686 3409 916 3459; x_wconf 83' lang='lat' dir='ltr'><strong>demoliri</strong></span> <span class='ocrx_word' id='word_1_300' title='bbox 941 3423 1017 3473; x_wconf 79' lang='lat' dir='ltr'><strong>ea,</strong></span> <span class='ocrx_word' id='word_1_301' title='bbox 1042 3426 1250 3477; x_wconf 85' lang='lat' dir='ltr'><strong>quorum</strong></span> <span class='ocrx_word' id='word_1_302' title='bbox 1272 3411 1489 3461; x_wconf 77' lang='lat' dir='ltr'><strong>altitudo</strong></span> 
     </span>
     <span class='ocr_line' id='line_1_39' title="bbox 427 3476 1491 3543; baseline 0 -13"><span class='ocrx_word' id='word_1_303' title='bbox 427 3480 662 3543; x_wconf 77' lang='lat' dir='ltr'><strong>officeret</strong></span> <span class='ocrx_word' id='word_1_304' title='bbox 683 3479 943 3543; x_wconf 61' lang='lat' dir='ltr'><strong>auspiciis.</strong></span> <span class='ocrx_word' id='word_1_305' title='bbox 1004 3478 1069 3528; x_wconf 93' lang='lat' dir='ltr'><strong>de</strong></span> <span class='ocrx_word' id='word_1_306' title='bbox 1094 3478 1178 3530; x_wconf 84' lang='lat' dir='ltr'><strong>off.</strong></span> <span class='ocrx_word' id='word_1_307' title='bbox 1207 3478 1276 3528; x_wconf 84' lang='lat'><strong>111</strong></span> <span class='ocrx_word' id='word_1_308' title='bbox 1303 3476 1367 3529; x_wconf 82' lang='lat'><strong>16</strong></span> <span class='ocrx_word' id='word_1_309' title='bbox 1382 3514 1396 3541; x_wconf 90' lang='lat'>‚</span> <span class='ocrx_word' id='word_1_310' title='bbox 1421 3487 1491 3530; x_wconf 79' lang='grc'><strong>66.</strong></span> 
     </span>
     <span class='ocr_line' id='line_1_40' title="bbox 419 3545 781 3610; baseline 0.008 -14"><span class='ocrx_word' id='word_1_311' title='bbox 419 3545 565 3597; x_wconf 82' lang='lat' dir='ltr'><strong>Brut.</strong></span> <span class='ocrx_word' id='word_1_312' title='bbox 595 3546 686 3610; x_wconf 85' lang='lat'><strong>17,</strong></span> <span class='ocrx_word' id='word_1_313' title='bbox 714 3554 781 3600; x_wconf 78' lang='grc'><strong>66.</strong></span> 
     </span>
    </p>

    <p class='ocr_par' dir='ltr' id='par_1_5' title="bbox 494 3613 1366 3680">
     <span class='ocr_line' id='line_1_41' title="bbox 494 3613 1366 3680; baseline 0.002 -15"><span class='ocrx_word' id='word_1_314' title='bbox 494 3622 588 3665; x_wconf 86' lang='grc'><strong>180.</strong></span> <span class='ocrx_word' id='word_1_315' title='bbox 602 3653 611 3665; x_wconf 92' lang='grc'><strong>.</strong></span> <span class='ocrx_word' id='word_1_316' title='bbox 624 3615 1012 3679; x_wconf 76' lang='lat' dir='ltr'><strong>exspectatione</strong></span> <span class='ocrx_word' id='word_1_317' title='bbox 1024 3651 1037 3678; x_wconf 94' lang='lat'>,</span> <span class='ocrx_word' id='word_1_318' title='bbox 1068 3613 1366 3680; x_wconf 77' lang='lat' dir='ltr'><strong>Spannuug.</strong></span> 
     </span>
    </p>

    <p class='ocr_par' dir='ltr' id='par_1_6' title="bbox 423 3673 1495 4356">
     <span class='ocr_line' id='line_1_42' title="bbox 492 3673 1493 3748; baseline 0 -16"><span class='ocrx_word' id='word_1_319' title='bbox 492 3684 622 3733; x_wconf 73' lang='lat' dir='ltr'><strong>iuris</strong></span> <span class='ocrx_word' id='word_1_320' title='bbox 642 3684 930 3748; x_wconf 82' lang='lat' dir='ltr'><strong>peritorum</strong></span> <span class='ocrx_word' id='word_1_321' title='bbox 955 3690 1051 3732; x_wconf 87' lang='lat' dir='ltr'><strong>etc.</strong></span> <span class='ocrx_word' id='word_1_322' title='bbox 1078 3673 1217 3733; x_wconf 55' lang='lat' dir='ltr'><strong>Brut.</strong></span> <span class='ocrx_word' id='word_1_323' title='bbox 1245 3680 1327 3745; x_wconf 83' lang='lat'><strong>39,</strong></span> <span class='ocrx_word' id='word_1_324' title='bbox 1354 3689 1430 3732; x_wconf 77' lang='lat'><strong>144</strong></span> <span class='ocrx_word' id='word_1_325' title='bbox 1454 3681 1493 3732; x_wconf 63' lang='grc' dir='ltr'><strong>ἲ.</strong></span> 
     </span>
     <span class='ocr_line' id='line_1_43' title="bbox 423 3749 1492 3816; baseline -0.001 -16"><span class='ocrx_word' id='word_1_326' title='bbox 423 3752 474 3800; x_wconf 88' lang='lat' dir='ltr'><strong>in</strong></span> <span class='ocrx_word' id='word_1_327' title='bbox 497 3749 894 3816; x_wconf 76' lang='lat' dir='ltr'><strong>interpretando,</strong></span> <span class='ocrx_word' id='word_1_328' title='bbox 919 3750 972 3800; x_wconf 90' lang='lat' dir='ltr'><strong>in</strong></span> <span class='ocrx_word' id='word_1_329' title='bbox 991 3749 1296 3811; x_wconf 85' lang='lat' dir='ltr'><strong>definiendo,</strong></span> <span class='ocrx_word' id='word_1_330' title='bbox 1322 3750 1376 3799; x_wconf 88' lang='lat' dir='ltr'><strong>in</strong></span> <span class='ocrx_word' id='word_1_331' title='bbox 1403 3765 1492 3800; x_wconf 85' lang='lat' dir='ltr'><strong>ex-</strong></span> 
     </span>
     <span class='ocr_line' id='line_1_44' title="bbox 426 3816 1492 3884; baseline 0.001 -16"><span class='ocrx_word' id='word_1_332' title='bbox 426 3819 663 3884; x_wconf 76' lang='lat' dir='ltr'><strong>plicanda</strong></span> <span class='ocrx_word' id='word_1_333' title='bbox 695 3818 948 3882; x_wconf 83' lang='lat' dir='ltr'><strong>aequitate</strong></span> <span class='ocrx_word' id='word_1_334' title='bbox 990 3816 1116 3868; x_wconf 89' lang='lat' dir='ltr'><strong>nihil</strong></span> <span class='ocrx_word' id='word_1_335' title='bbox 1158 3826 1265 3868; x_wconf 83' lang='lat' dir='ltr'><strong>erat</strong></span> <span class='ocrx_word' id='word_1_336' title='bbox 1308 3818 1492 3869; x_wconf 78' lang='lat' dir='ltr'><strong>Crasso</strong></span> 
     </span>
     <span class='ocr_line' id='line_1_45' title="bbox 427 3885 1494 3951; baseline 0.001 -16"><span class='ocrx_word' id='word_1_337' title='bbox 427 3887 713 3951; x_wconf 86' lang='lat' dir='ltr'><strong>copiosius;</strong></span> <span class='ocrx_word' id='word_1_338' title='bbox 736 3886 891 3950; x_wconf 86' lang='lat' dir='ltr'><strong>idque</strong></span> <span class='ocrx_word' id='word_1_339' title='bbox 914 3901 1033 3937; x_wconf 88' lang='lat' dir='ltr'><strong>cum</strong></span> <span class='ocrx_word' id='word_1_340' title='bbox 1058 3900 1213 3951; x_wconf 86' lang='lat' dir='ltr'><strong>saepe</strong></span> <span class='ocrx_word' id='word_1_341' title='bbox 1236 3885 1363 3936; x_wconf 78' lang='lat' dir='ltr'><strong>alias</strong></span> <span class='ocrx_word' id='word_1_342' title='bbox 1383 3895 1494 3936; x_wconf 85' lang='lat' dir='ltr'><strong>tum</strong></span> 
     </span>
     <span class='ocr_line' id='line_1_46' title="bbox 426 3951 1495 4021; baseline 0 -18"><span class='ocrx_word' id='word_1_343' title='bbox 426 3954 564 4021; x_wconf 78' lang='lat' dir='ltr'><strong>apud</strong></span> <span class='ocrx_word' id='word_1_344' title='bbox 588 3955 933 4006; x_wconf 82' lang='lat' dir='ltr'><strong>centumviros</strong></span> <span class='ocrx_word' id='word_1_345' title='bbox 966 3955 1019 4004; x_wconf 89' lang='lat' dir='ltr'><strong>in</strong></span> <span class='ocrx_word' id='word_1_346' title='bbox 1051 3951 1140 4005; x_wconf 90' lang='grc' dir='ltr'><strong>Μ’.</strong></span> <span class='ocrx_word' id='word_1_347' title='bbox 1169 3953 1305 4004; x_wconf 87' lang='lat' dir='ltr'><strong>Curii</strong></span> <span class='ocrx_word' id='word_1_348' title='bbox 1338 3968 1495 4005; x_wconf 84' lang='lat' dir='ltr'><strong>causa</strong></span> 
     </span>
     <span class='ocr_line' id='line_1_47' title="bbox 427 4020 1494 4086; baseline 0.004 -17"><span class='ocrx_word' id='word_1_349' title='bbox 427 4021 688 4086; x_wconf 79' lang='lat' dir='ltr'><strong>cognitum</strong></span> <span class='ocrx_word' id='word_1_350' title='bbox 725 4028 818 4073; x_wconf 82' lang='lat' dir='ltr'><strong>est.</strong></span> <span class='ocrx_word' id='word_1_351' title='bbox 893 4024 968 4073; x_wconf 81' lang='lat' dir='ltr'><strong>Ita</strong></span> <span class='ocrx_word' id='word_1_352' title='bbox 1011 4022 1145 4073; x_wconf 86' lang='lat' dir='ltr'><strong>enim</strong></span> <span class='ocrx_word' id='word_1_353' title='bbox 1187 4020 1348 4073; x_wconf 80' lang='lat' dir='ltr'><strong>multa</strong></span> <span class='ocrx_word' id='word_1_354' title='bbox 1383 4028 1494 4073; x_wconf 85' lang='lat' dir='ltr'><strong>tum</strong></span> 
     </span>
     <span class='ocr_line' id='line_1_48' title="bbox 426 4090 1490 4155; baseline 0.006 -18"><span class='ocrx_word' id='word_1_355' title='bbox 426 4096 604 4138; x_wconf 80' lang='lat' dir='ltr'><strong>contra</strong></span> <span class='ocrx_word' id='word_1_356' title='bbox 644 4090 888 4155; x_wconf 86' lang='lat' dir='ltr'><strong>scriptum</strong></span> <span class='ocrx_word' id='word_1_357' title='bbox 929 4104 1021 4155; x_wconf 89' lang='lat' dir='ltr'><strong>pro</strong></span> <span class='ocrx_word' id='word_1_358' title='bbox 1062 4104 1223 4155; x_wconf 83' lang='lat' dir='ltr'><strong>aequo</strong></span> <span class='ocrx_word' id='word_1_359' title='bbox 1266 4098 1316 4140; x_wconf 83' lang='lat' dir='ltr'><strong>et</strong></span> <span class='ocrx_word' id='word_1_360' title='bbox 1357 4091 1490 4144; x_wconf 89' lang='lat' dir='ltr'><strong>bono</strong></span> 
     </span>
     <span class='ocr_line' id='line_1_49' title="bbox 428 4155 1490 4219; baseline 0.006 -14"><span class='ocrx_word' id='word_1_361' title='bbox 428 4155 582 4217; x_wconf 82' lang='lat' dir='ltr'><strong>dixit,</strong></span> <span class='ocrx_word' id='word_1_362' title='bbox 631 4162 687 4205; x_wconf 79' lang='lat' dir='ltr'><strong>ut</strong></span> <span class='ocrx_word' id='word_1_363' title='bbox 730 4155 988 4207; x_wconf 87' lang='lat' dir='ltr'><strong>hominem</strong></span> <span class='ocrx_word' id='word_1_364' title='bbox 1034 4158 1382 4209; x_wconf 83' lang='lat' dir='ltr'><strong>acutissimum</strong></span> <span class='ocrx_word' id='word_1_365' title='bbox 1429 4158 1490 4219; x_wconf 84' lang='lat' dir='ltr'><strong>Q.</strong></span> 
     </span>
     <span class='ocr_line' id='line_1_50' title="bbox 429 4221 1492 4290; baseline 0.004 -17"><span class='ocrx_word' id='word_1_366' title='bbox 429 4221 730 4273; x_wconf 76' lang='lat' dir='ltr'><strong>Scaevolam</strong></span> <span class='ocrx_word' id='word_1_367' title='bbox 756 4230 806 4272; x_wconf 86' lang='lat' dir='ltr'><strong>et</strong></span> <span class='ocrx_word' id='word_1_368' title='bbox 829 4225 881 4273; x_wconf 91' lang='lat' dir='ltr'><strong>in</strong></span> <span class='ocrx_word' id='word_1_369' title='bbox 903 4225 1027 4286; x_wconf 86' lang='lat' dir='ltr'><strong>iure,</strong></span> <span class='ocrx_word' id='word_1_370' title='bbox 1040 4226 1092 4275; x_wconf 85' lang='lat' dir='ltr'><strong>in</strong></span> <span class='ocrx_word' id='word_1_371' title='bbox 1111 4240 1211 4290; x_wconf 87' lang='lat' dir='ltr'><strong>quo</strong></span> <span class='ocrx_word' id='word_1_372' title='bbox 1229 4226 1318 4275; x_wconf 81' lang='lat' dir='ltr'><strong>illa</strong></span> <span class='ocrx_word' id='word_1_373' title='bbox 1336 4241 1492 4277; x_wconf 78' lang='lat' dir='ltr'><strong>causa</strong></span> 
     </span>
     <span class='ocr_line' id='line_1_51' title="bbox 428 4288 1490 4356; baseline 0.004 -16"><span class='ocrx_word' id='word_1_374' title='bbox 428 4288 741 4352; x_wconf 79' lang='lat' dir='ltr'><strong>versabatur,</strong></span> <span class='ocrx_word' id='word_1_375' title='bbox 754 4291 1131 4356; x_wconf 77' lang='lat' dir='ltr'><strong>paratissimum</strong></span> <span class='ocrx_word' id='word_1_376' title='bbox 1156 4294 1390 4343; x_wconf 75' lang='lat' dir='ltr'><strong>obrueret</strong></span> <span class='ocrx_word' id='word_1_377' title='bbox 1407 4309 1490 4344; x_wconf 85' lang='lat' dir='ltr'><strong>ar-</strong></span> 
     </span>
    </p>
   </div>
   <div class='ocr_carea' id='block_1_4' title="bbox 1592 2388 2668 3221">
    <p class='ocr_par' dir='ltr' id='par_1_7' title="bbox 1592 2388 2664 2933">
     <span class='ocr_line' id='line_1_52' title="bbox 1592 2388 2664 2457; baseline 0.002 -18"><span class='ocrx_word' id='word_1_378' title='bbox 1592 2397 1948 2456; x_wconf 83' lang='lat' dir='ltr'><strong>gumentorum</strong></span> <span class='ocrx_word' id='word_1_379' title='bbox 1993 2388 2464 2455; x_wconf 72' lang='lat' dir='ltr'><strong>exemplorumque]</strong></span> <span class='ocrx_word' id='word_1_380' title='bbox 2488 2390 2664 2457; x_wconf 79' lang='lat' dir='ltr'><strong>copia3</strong></span> 
     </span>
     <span class='ocr_line' id='line_1_53' title="bbox 1593 2455 2661 2523; baseline 0.003 -16"><span class='ocrx_word' id='word_1_381' title='bbox 1593 2464 1747 2522; x_wconf 82' lang='lat' dir='ltr'><strong>atque</strong></span> <span class='ocrx_word' id='word_1_382' title='bbox 1779 2458 1851 2508; x_wconf 81' lang='lat' dir='ltr'><strong>ita</strong></span> <span class='ocrx_word' id='word_1_383' title='bbox 1883 2465 1992 2508; x_wconf 82' lang='lat' dir='ltr'><strong>tum</strong></span> <span class='ocrx_word' id='word_1_384' title='bbox 2024 2458 2089 2508; x_wconf 77' lang='lat' dir='ltr'><strong>ab</strong></span> <span class='ocrx_word' id='word_1_385' title='bbox 2114 2455 2196 2507; x_wconf 89' lang='lat' dir='ltr'><strong>his</strong></span> <span class='ocrx_word' id='word_1_386' title='bbox 2220 2458 2450 2523; x_wconf 85' lang='lat' dir='ltr'><strong>patronis</strong></span> <span class='ocrx_word' id='word_1_387' title='bbox 2475 2474 2661 2523; x_wconf 83' lang='lat' dir='ltr'><strong>aequa-</strong></span> 
     </span>
     <span class='ocr_line' id='line_1_54' title="bbox 1594 2525 2664 2578; baseline 0.002 -3"><span class='ocrx_word' id='word_1_388' title='bbox 1594 2526 1729 2577; x_wconf 86' lang='lat' dir='ltr'><strong>libus</strong></span> <span class='ocrx_word' id='word_1_389' title='bbox 1764 2534 1814 2576; x_wconf 83' lang='lat' dir='ltr'><strong>et</strong></span> <span class='ocrx_word' id='word_1_390' title='bbox 1856 2525 1959 2576; x_wconf 81' lang='lat' dir='ltr'><strong>iam</strong></span> <span class='ocrx_word' id='word_1_391' title='bbox 1998 2525 2352 2577; x_wconf 79' lang='lat' dir='ltr'><strong>consularibus</strong></span> <span class='ocrx_word' id='word_1_392' title='bbox 2393 2541 2551 2578; x_wconf 81' lang='lat' dir='ltr'><strong>causa</strong></span> <span class='ocrx_word' id='word_1_393' title='bbox 2575 2526 2664 2577; x_wconf 85' lang='lat' dir='ltr'><strong>illa</strong></span> 
     </span>
     <span class='ocr_line' id='line_1_55' title="bbox 1593 2593 2661 2656; baseline -0.001 -11"><span class='ocrx_word' id='word_1_394' title='bbox 1593 2593 1731 2645; x_wconf 79' lang='lat' dir='ltr'><strong>dicta</strong></span> <span class='ocrx_word' id='word_1_395' title='bbox 1764 2602 1864 2656; x_wconf 83' lang='lat' dir='ltr'><strong>est,</strong></span> <span class='ocrx_word' id='word_1_396' title='bbox 1915 2609 2033 2644; x_wconf 88' lang='lat' dir='ltr'><strong>cum</strong></span> <span class='ocrx_word' id='word_1_397' title='bbox 2065 2602 2281 2656; x_wconf 86' lang='lat' dir='ltr'><strong>uterque</strong></span> <span class='ocrx_word' id='word_1_398' title='bbox 2312 2610 2377 2645; x_wconf 83' lang='lat' dir='ltr'><strong>ex</strong></span> <span class='ocrx_word' id='word_1_399' title='bbox 2410 2595 2661 2645; x_wconf 84' lang='lat' dir='ltr'><strong>contraria</strong></span> 
     </span>
     <span class='ocr_line' id='line_1_56' title="bbox 1594 2660 2662 2729; baseline 0.002 -16"><span class='ocrx_word' id='word_1_400' title='bbox 1594 2672 1738 2729; x_wconf 80' lang='lat' dir='ltr'><strong>parte</strong></span> <span class='ocrx_word' id='word_1_401' title='bbox 1777 2663 1860 2712; x_wconf 88' lang='lat' dir='ltr'><strong>ius</strong></span> <span class='ocrx_word' id='word_1_402' title='bbox 1901 2661 2048 2712; x_wconf 84' lang='lat' dir='ltr'><strong>civile</strong></span> <span class='ocrx_word' id='word_1_403' title='bbox 2089 2660 2413 2723; x_wconf 74' lang='lat' dir='ltr'><strong>defenderet,</strong></span> <span class='ocrx_word' id='word_1_404' title='bbox 2457 2672 2512 2714; x_wconf 83' lang='lat' dir='ltr'><strong>ut</strong></span> <span class='ocrx_word' id='word_1_405' title='bbox 2553 2666 2662 2715; x_wconf 87' lang='lat' dir='ltr'><strong>elo-</strong></span> 
     </span>
     <span class='ocr_line' id='line_1_57' title="bbox 1594 2730 2663 2797; baseline 0 -15"><span class='ocrx_word' id='word_1_406' title='bbox 1594 2731 1845 2797; x_wconf 78' lang='lat' dir='ltr'><strong>quentium</strong></span> <span class='ocrx_word' id='word_1_407' title='bbox 1887 2730 2018 2781; x_wconf 77' lang='lat' dir='ltr'><strong>iuris</strong></span> <span class='ocrx_word' id='word_1_408' title='bbox 2053 2731 2395 2795; x_wconf 76' lang='lat' dir='ltr'><strong>peritissimus</strong></span> <span class='ocrx_word' id='word_1_409' title='bbox 2431 2730 2663 2793; x_wconf 84' lang='lat' dir='ltr'><strong>Crassus,</strong></span> 
     </span>
     <span class='ocr_line' id='line_1_58' title="bbox 1598 2798 2664 2865; baseline 0.003 -17"><span class='ocrx_word' id='word_1_410' title='bbox 1598 2800 1726 2851; x_wconf 79' lang='lat' dir='ltr'><strong>iuris</strong></span> <span class='ocrx_word' id='word_1_411' title='bbox 1744 2799 2029 2864; x_wconf 73' lang='lat' dir='ltr'><strong>peritorum</strong></span> <span class='ocrx_word' id='word_1_412' title='bbox 2051 2800 2482 2865; x_wconf 74' lang='lat' dir='ltr'><strong>eloquentissimus</strong></span> <span class='ocrx_word' id='word_1_413' title='bbox 2507 2798 2664 2851; x_wconf 82' lang='lat' dir='ltr'><strong>Scae-</strong></span> 
     </span>
     <span class='ocr_line' id='line_1_59' title="bbox 1599 2866 2282 2933; baseline 0.001 -15"><span class='ocrx_word' id='word_1_414' title='bbox 1599 2870 1712 2918; x_wconf 86' lang='lat' dir='ltr'><strong>vola</strong></span> <span class='ocrx_word' id='word_1_415' title='bbox 1736 2874 2019 2933; x_wconf 82' lang='lat' dir='ltr'><strong>putaretur.</strong></span> <span class='ocrx_word' id='word_1_416' title='bbox 2066 2866 2163 2932; x_wconf 86' lang='lat'><strong>40,</strong></span> <span class='ocrx_word' id='word_1_417' title='bbox 2190 2873 2282 2919; x_wconf 79' lang='grc'><strong>148.</strong></span> 
     </span>
    </p>

    <p class='ocr_par' dir='ltr' id='par_1_8' title="bbox 1597 2949 2668 3085">
     <span class='ocr_line' id='line_1_60' title="bbox 1666 2949 2668 3018; baseline -0.003 -16"><span class='ocrx_word' id='word_1_418' title='bbox 1666 2953 1720 3002; x_wconf 78' lang='lat' dir='ltr'><strong>in</strong></span> <span class='ocrx_word' id='word_1_419' title='bbox 1748 2967 1891 3003; x_wconf 76' lang='lat' dir='ltr'><strong>suam</strong></span> <span class='ocrx_word' id='word_1_420' title='bbox 1924 2955 2129 3004; x_wconf 81' lang='lat' dir='ltr'><strong>tutelam</strong></span> <span class='ocrx_word' id='word_1_421' title='bbox 2173 2949 2250 3001; x_wconf 90' lang='lat' dir='ltr'><strong>‘ut</strong></span> <span class='ocrx_word' id='word_1_422' title='bbox 2283 2966 2341 3001; x_wconf 91' lang='lat' dir='ltr'><strong>se</strong></span> <span class='ocrx_word' id='word_1_423' title='bbox 2381 2949 2496 3018; x_wconf 90' lang='lat' dir='ltr'><strong>ipse</strong></span> <span class='ocrx_word' id='word_1_424' title='bbox 2537 2950 2668 3002; x_wconf 86' lang='lat' dir='ltr'><strong>tueri</strong></span> 
     </span>
     <span class='ocr_line' id='line_1_61' title="bbox 1597 3019 2132 3085; baseline 0.004 -16"><span class='ocrx_word' id='word_1_425' title='bbox 1597 3027 1774 3085; x_wconf 81' lang='lat' dir='ltr'><strong>posset</strong></span> <span class='ocrx_word' id='word_1_426' title='bbox 1797 3019 1909 3069; x_wconf 88' lang='lat' dir='ltr'><strong>sine</strong></span> <span class='ocrx_word' id='word_1_427' title='bbox 1933 3023 2132 3072; x_wconf 81' lang='lat' dir='ltr'><strong>tutore&#39;.</strong></span> 
     </span>
    </p>

    <p class='ocr_par' dir='ltr' id='par_1_9' title="bbox 1597 3086 2666 3221">
     <span class='ocr_line' id='line_1_62' title="bbox 1663 3086 2666 3152; baseline 0.001 -15"><span class='ocrx_word' id='word_1_428' title='bbox 1663 3089 1717 3139; x_wconf 79' lang='lat' dir='ltr'><strong>in</strong></span> <span class='ocrx_word' id='word_1_429' title='bbox 1740 3088 2128 3139; x_wconf 74' lang='lat' dir='ltr'><strong>auctoritatibus</strong></span> <span class='ocrx_word' id='word_1_430' title='bbox 2142 3123 2156 3149; x_wconf 93' lang='lat'>‚</span> <span class='ocrx_word' id='word_1_431' title='bbox 2183 3086 2666 3152; x_wconf 76' lang='lat' dir='ltr'><strong>Rechtsgutachten,</strong></span> 
     </span>
     <span class='ocr_line' id='line_1_63' title="bbox 1597 3152 2665 3221; baseline 0.002 -15"><span class='ocrx_word' id='word_1_432' title='bbox 1597 3171 1667 3209; x_wconf 89' lang='lat' dir='ltr'><strong>sc.</strong></span> <span class='ocrx_word' id='word_1_433' title='bbox 1691 3155 2046 3221; x_wconf 84' lang='lat' dir='ltr'><strong>prudentium,</strong></span> <span class='ocrx_word' id='word_1_434' title='bbox 2081 3156 2171 3206; x_wconf 83' lang='lat' dir='ltr'><strong>der</strong></span> <span class='ocrx_word' id='word_1_435' title='bbox 2195 3152 2665 3221; x_wconf 82' lang='lat' dir='ltr'><strong>Rechtskundigen.</strong></span> 
     </span>
    </p>
   </div>
   <div class='ocr_carea' id='block_1_5' title="bbox 1658 3239 2429 3372">
    <p class='ocr_par' dir='ltr' id='par_1_10' title="bbox 1658 3239 2429 3372">
     <span class='ocr_line' id='line_1_64' title="bbox 1662 3239 2429 3305; baseline 0 -13"><span class='ocrx_word' id='word_1_436' title='bbox 1662 3242 1935 3305; x_wconf 74' lang='lat' dir='ltr'><strong>exemplis,</strong></span> <span class='ocrx_word' id='word_1_437' title='bbox 1961 3239 2211 3305; x_wconf 81' lang='lat' dir='ltr'><strong>analogen</strong></span> <span class='ocrx_word' id='word_1_438' title='bbox 2235 3239 2429 3292; x_wconf 67' lang='lat' dir='ltr'><strong>Pallen.</strong></span> 
     </span>
     <span class='ocr_line' id='line_1_65' title="bbox 1658 3307 2125 3372; baseline -0.006 -12"><span class='ocrx_word' id='word_1_439' title='bbox 1658 3310 1922 3372; x_wconf 78' lang='lat' dir='ltr'><strong>formulis,</strong></span> <span class='ocrx_word' id='word_1_440' title='bbox 1948 3324 1991 3359; x_wconf 89' lang='lat' dir='ltr'><strong>s.</strong></span> <span class='ocrx_word' id='word_1_441' title='bbox 2018 3307 2125 3357; x_wconf 89' lang='lat' dir='ltr'><strong>ind.</strong></span> 
     </span>
    </p>
   </div>
   <div class='ocr_carea' id='block_1_6' title="bbox 1593 3392 2670 3717">
    <p class='ocr_par' dir='ltr' id='par_1_11' title="bbox 1593 3392 2670 3717">
     <span class='ocr_line' id='line_1_66' title="bbox 1661 3392 2666 3458; baseline 0.001 -15"><span class='ocrx_word' id='word_1_442' title='bbox 1661 3392 1755 3455; x_wconf 88' lang='grc'><strong>40,</strong></span> <span class='ocrx_word' id='word_1_443' title='bbox 1784 3401 1876 3444; x_wconf 83' lang='grc'><strong>181.</strong></span> <span class='ocrx_word' id='word_1_444' title='bbox 1924 3393 2112 3458; x_wconf 72' lang='lat' dir='ltr'><strong>eapitis</strong></span> <span class='ocrx_word' id='word_1_445' title='bbox 2135 3394 2322 3455; x_wconf 75' lang='lat' dir='ltr'><strong>nostri,</strong></span> <span class='ocrx_word' id='word_1_446' title='bbox 2359 3392 2585 3445; x_wconf 80' lang='lat' dir='ltr'><strong>insoferu</strong></span> <span class='ocrx_word' id='word_1_447' title='bbox 2611 3409 2666 3444; x_wconf 86' lang='lat' dir='ltr'><strong>es</strong></span> 
     </span>
     <span class='ocr_line' id='line_1_67' title="bbox 1595 3459 2670 3532; baseline 0 -20"><span class='ocrx_word' id='word_1_448' title='bbox 1595 3460 1702 3512; x_wconf 89' lang='lat' dir='ltr'><strong>sich</strong></span> <span class='ocrx_word' id='word_1_449' title='bbox 1737 3461 1789 3510; x_wconf 89' lang='lat' dir='ltr'><strong>in</strong></span> <span class='ocrx_word' id='word_1_450' title='bbox 1827 3462 1946 3511; x_wconf 88' lang='lat' dir='ltr'><strong>dem</strong></span> <span class='ocrx_word' id='word_1_451' title='bbox 1968 3459 2189 3532; x_wconf 52' lang='lat' dir='ltr'><strong>Process⁸</strong></span> <span class='ocrx_word' id='word_1_452' title='bbox 2219 3476 2304 3511; x_wconf 91' lang='lat' dir='ltr'><strong>um</strong></span> <span class='ocrx_word' id='word_1_453' title='bbox 2338 3461 2510 3512; x_wconf 86' lang='lat' dir='ltr'><strong>Besitz</strong></span> <span class='ocrx_word' id='word_1_454' title='bbox 2547 3463 2670 3513; x_wconf 89' lang='lat' dir='ltr'><strong>oder</strong></span> 
     </span>
     <span class='ocr_line' id='line_1_68' title="bbox 1593 3527 2668 3580; baseline 0 -1"><span class='ocrx_word' id='word_1_455' title='bbox 1593 3528 1801 3580; x_wconf 84' lang='lat' dir='ltr'><strong>Verlust</strong></span> <span class='ocrx_word' id='word_1_456' title='bbox 1811 3529 1901 3579; x_wconf 89' lang='lat' dir='ltr'><strong>der</strong></span> <span class='ocrx_word' id='word_1_457' title='bbox 1911 3527 2223 3579; x_wconf 86' lang='lat' dir='ltr'><strong>rechtlichen</strong></span> <span class='ocrx_word' id='word_1_458' title='bbox 2233 3529 2480 3580; x_wconf 82' lang='lat' dir='ltr'><strong>Existenz</strong></span> <span class='ocrx_word' id='word_1_459' title='bbox 2504 3531 2557 3579; x_wconf 89' lang='lat' dir='ltr'><strong>in</strong></span> <span class='ocrx_word' id='word_1_460' title='bbox 2572 3530 2668 3579; x_wconf 87' lang='lat' dir='ltr'><strong>Be-</strong></span> 
     </span>
     <span class='ocr_line' id='line_1_69' title="bbox 1602 3595 2669 3663; baseline 0.002 -16"><span class='ocrx_word' id='word_1_461' title='bbox 1602 3596 1820 3663; x_wconf 80' lang='lat' dir='ltr'><strong>ziehung</strong></span> <span class='ocrx_word' id='word_1_462' title='bbox 1837 3595 1931 3648; x_wconf 81' lang='lat' dir='ltr'><strong>auf</strong></span> <span class='ocrx_word' id='word_1_463' title='bbox 1949 3596 2182 3661; x_wconf 83' lang='lat' dir='ltr'><strong>Freiheit,</strong></span> <span class='ocrx_word' id='word_1_464' title='bbox 2205 3596 2542 3663; x_wconf 81' lang='lat' dir='ltr'><strong>Biirgerrecht</strong></span> <span class='ocrx_word' id='word_1_465' title='bbox 2561 3598 2669 3649; x_wconf 83' lang='lat' dir='ltr'><strong>untl</strong></span> 
     </span>
     <span class='ocr_line' id='line_1_70' title="bbox 1598 3664 2060 3717; baseline 0.002 -2"><span class='ocrx_word' id='word_1_466' title='bbox 1598 3665 1811 3715; x_wconf 82' lang='lat' dir='ltr'><strong>Familie</strong></span> <span class='ocrx_word' id='word_1_467' title='bbox 1833 3664 2060 3717; x_wconf 81' lang='lat' dir='ltr'><strong>handelt.</strong></span> 
     </span>
    </p>
   </div>
   <div class='ocr_carea' id='block_1_7' title="bbox 1595 3749 2671 4088">
    <p class='ocr_par' dir='ltr' id='par_1_12' title="bbox 1595 3749 2671 4088">
     <span class='ocr_line' id='line_1_71' title="bbox 1664 3749 2670 3802; baseline -0.001 -1"><span class='ocrx_word' id='word_1_468' title='bbox 1664 3750 1869 3802; x_wconf 75' lang='lat' dir='ltr'><strong>Etenim</strong></span> <span class='ocrx_word' id='word_1_469' title='bbox 1890 3751 1939 3801; x_wconf 77' lang='lat' dir='ltr'><strong>si</strong></span> <span class='ocrx_word' id='word_1_470' title='bbox 1957 3756 2053 3800; x_wconf 84' lang='lat' dir='ltr'><strong>etc.</strong></span> <span class='ocrx_word' id='word_1_471' title='bbox 2077 3749 2170 3800; x_wconf 89' lang='lat' dir='ltr'><strong>Die</strong></span> <span class='ocrx_word' id='word_1_472' title='bbox 2188 3749 2402 3800; x_wconf 83' lang='lat' dir='ltr'><strong>Perinde</strong></span> <span class='ocrx_word' id='word_1_473' title='bbox 2428 3749 2670 3801; x_wconf 85' lang='lat' dir='ltr'><strong>schreitet</strong></span> 
     </span>
     <span class='ocr_line' id='line_1_72' title="bbox 1598 3817 2665 3869; baseline 0 0"><span class='ocrx_word' id='word_1_474' title='bbox 1598 3818 1679 3869; x_wconf 91' lang='lat' dir='ltr'><strong>bei</strong></span> <span class='ocrx_word' id='word_1_475' title='bbox 1715 3818 1832 3868; x_wconf 85' lang='lat' dir='ltr'><strong>dem</strong></span> <span class='ocrx_word' id='word_1_476' title='bbox 1856 3817 2132 3869; x_wconf 81' lang='lat' dir='ltr'><strong>Bestreben</strong></span> <span class='ocrx_word' id='word_1_477' title='bbox 2164 3817 2305 3869; x_wconf 75' lang='lat' dir='ltr'><strong>Alles</strong></span> <span class='ocrx_word' id='word_1_478' title='bbox 2342 3833 2665 3869; x_wconf 81' lang='lat' dir='ltr'><strong>zusammen-</strong></span> 
     </span>
     <span class='ocr_line' id='line_1_73' title="bbox 1599 3885 2667 3953; baseline 0 -17"><span class='ocrx_word' id='word_1_479' title='bbox 1599 3886 1837 3937; x_wconf 76' lang='lat' dir='ltr'><strong>zufassen</strong></span> <span class='ocrx_word' id='word_1_480' title='bbox 1866 3885 1976 3936; x_wconf 86' lang='lat' dir='ltr'><strong>und</strong></span> <span class='ocrx_word' id='word_1_481' title='bbox 2009 3885 2100 3936; x_wconf 87' lang='lat' dir='ltr'><strong>der</strong></span> <span class='ocrx_word' id='word_1_482' title='bbox 2133 3885 2363 3937; x_wconf 72' lang='lat' dir='ltr'><strong>dudm-ch</strong></span> <span class='ocrx_word' id='word_1_483' title='bbox 2397 3886 2667 3953; x_wconf 82' lang='lat' dir='ltr'><strong>herbeige-</strong></span> 
     </span>
     <span class='ocr_line' id='line_1_74' title="bbox 1595 3953 2668 4021; baseline 0.005 -16"><span class='ocrx_word' id='word_1_484' title='bbox 1595 3953 1794 4005; x_wconf 78' lang='lat' dir='ltr'><strong>fiihrten</strong></span> <span class='ocrx_word' id='word_1_485' title='bbox 1809 3953 2085 4020; x_wconf 64' lang='lat' dir='ltr'><strong>Notigung,</strong></span> <span class='ocrx_word' id='word_1_486' title='bbox 2108 3954 2344 4005; x_wconf 75' lang='lat' dir='ltr'><strong>desselbe</strong></span> <span class='ocrx_word' id='word_1_487' title='bbox 2362 3969 2498 4008; x_wconf 89' lang='lat' dir='ltr'><strong>nom.</strong></span> <span class='ocrx_word' id='word_1_488' title='bbox 2520 3969 2668 4021; x_wconf 88' lang='lat' dir='ltr'><strong>prop.</strong></span> 
     </span>
     <span class='ocr_line' id='line_1_75' title="bbox 1596 4020 2671 4088; baseline 0.002 -16"><span class='ocrx_word' id='word_1_489' title='bbox 1596 4022 1688 4072; x_wconf 89' lang='lat' dir='ltr'><strong>der</strong></span> <span class='ocrx_word' id='word_1_490' title='bbox 1703 4020 2042 4073; x_wconf 80' lang='lat' dir='ltr'><strong>Deutlichkeit</strong></span> <span class='ocrx_word' id='word_1_491' title='bbox 2066 4037 2241 4088; x_wconf 78' lang='lat' dir='ltr'><strong>wegen</strong></span> <span class='ocrx_word' id='word_1_492' title='bbox 2268 4022 2453 4073; x_wconf 76' lang='lat' dir='ltr'><strong>einmal</strong></span> <span class='ocrx_word' id='word_1_493' title='bbox 2471 4022 2549 4073; x_wconf 79' lang='lat' dir='ltr'><strong>als</strong></span> <span class='ocrx_word' id='word_1_494' title='bbox 2569 4021 2671 4074; x_wconf 91' lang='lat' dir='ltr'><strong>Ob-</strong></span> 
     </span>
    </p>
   </div>
   <div class='ocr_carea' id='block_1_8' title="bbox 1590 4088 2666 4156">
    <p class='ocr_par' dir='ltr' id='par_1_13' title="bbox 1590 4088 2666 4156">
     <span class='ocr_line' id='line_1_76' title="bbox 1590 4088 2666 4156; baseline 0.001 -17"><span class='ocrx_word' id='word_1_495' title='bbox 1590 4089 1722 4154; x_wconf 83' lang='lat' dir='ltr'><strong>ject,</strong></span> <span class='ocrx_word' id='word_1_496' title='bbox 1759 4088 1896 4140; x_wconf 81' lang='lat' dir='ltr'><strong>dann</strong></span> <span class='ocrx_word' id='word_1_497' title='bbox 1933 4090 2122 4141; x_wconf 88' lang='lat' dir='ltr'><strong>wieder</strong></span> <span class='ocrx_word' id='word_1_498' title='bbox 2144 4090 2222 4140; x_wconf 84' lang='lat' dir='ltr'><strong>als</strong></span> <span class='ocrx_word' id='word_1_499' title='bbox 2250 4090 2459 4155; x_wconf 86' lang='lat' dir='ltr'><strong>Subject</strong></span> <span class='ocrx_word' id='word_1_500' title='bbox 2485 4106 2549 4141; x_wconf 82' lang='lat' dir='ltr'><strong>zu</strong></span> <span class='ocrx_word' id='word_1_501' title='bbox 2573 4105 2666 4156; x_wconf 80' lang='lat' dir='ltr'><strong>ge-</strong></span> 
     </span>
    </p>
   </div>
   <div class='ocr_carea' id='block_1_9' title="bbox 1593 4155 2666 4225">
    <p class='ocr_par' dir='ltr' id='par_1_14' title="bbox 1593 4155 2666 4225">
     <span class='ocr_line' id='line_1_77' title="bbox 1593 4155 2666 4225; baseline 0 -16"><span class='ocrx_word' id='word_1_502' title='bbox 1593 4155 1879 4219; x_wconf 81' lang='lat' dir='ltr'><strong>brauchen,</strong></span> <span class='ocrx_word' id='word_1_503' title='bbox 1915 4157 2054 4208; x_wconf 83' lang='lat' dir='ltr'><strong>nicht</strong></span> <span class='ocrx_word' id='word_1_504' title='bbox 2077 4173 2134 4210; x_wconf 91' lang='lat' dir='ltr'><strong>so</strong></span> <span class='ocrx_word' id='word_1_505' title='bbox 2193 4158 2527 4225; x_wconf 73' lang='lat' dir='ltr'><strong>leichmiissig</strong></span> <span class='ocrx_word' id='word_1_506' title='bbox 2550 4158 2666 4222; x_wconf 85' lang='lat' dir='ltr'><strong>sort,</strong></span> 
     </span>
    </p>
   </div>
   <div class='ocr_carea' id='block_1_10' title="bbox 1592 4226 2088 4280">
    <p class='ocr_par' dir='ltr' id='par_1_15' title="bbox 1592 4226 2088 4280">
     <span class='ocr_line' id='line_1_78' title="bbox 1592 4226 2088 4280; baseline 0.002 -5"><span class='ocrx_word' id='word_1_507' title='bbox 1592 4226 1687 4275; x_wconf 89' lang='lat' dir='ltr'><strong>wie</strong></span> <span class='ocrx_word' id='word_1_508' title='bbox 1744 4235 1904 4280; x_wconf 83' lang='lat' dir='ltr'><strong>sonst.</strong></span> <span class='ocrx_word' id='word_1_509' title='bbox 1987 4226 2088 4277; x_wconf 89' lang='lat' dir='ltr'><strong>Der</strong></span> 
     </span>
    </p>
   </div>
   <div class='ocr_carea' id='block_1_11' title="bbox 1603 4225 2667 4361">
    <p class='ocr_par' dir='ltr' id='par_1_16' title="bbox 1603 4225 2667 4361">
     <span class='ocr_line' id='line_1_79' title="bbox 2188 4225 2667 4293; baseline -0.002 -16"><span class='ocrx_word' id='word_1_510' title='bbox 2188 4225 2396 4279; x_wconf 79' lang='lat' dir='ltr'><strong>achsatz</strong></span> <span class='ocrx_word' id='word_1_511' title='bbox 2452 4227 2667 4293; x_wconf 79' lang='lat' dir='ltr'><strong>begiunt</strong></span> 
     </span>
     <span class='ocr_line' id='line_1_80' title="bbox 1603 4291 1775 4361; baseline 0.006 -17"><span class='ocrx_word' id='word_1_512' title='bbox 1603 4291 1634 4361; x_wconf 80' lang='lat' dir='ltr'>S</span> <span class='ocrx_word' id='word_1_513' title='bbox 1661 4291 1775 4345; x_wconf 84' lang='lat'>182.</span> 
     </span>
    </p>
   </div>
  </div>
 </body>
</html>
