2930 4693
835 214 931 277 DE
981 213 1239 277 ORATO
1266 214 1369 277 RE
1398 214 1451 277 11
1485 211 1544 275 8.
1575 220 1818 273 30-32,
2345 220 2471 283 109

246 384 369 444 sive
399 383 709 447 artificium
740 384 860 445 sive
890 384 1147 446 studium
1179 383 1441 454 dicendi,
1476 385 1589 444 nisi
1619 384 1868 443 accessit
1896 403 1990 453 os,
2024 383 2249 445 nullum
2278 391 2475 464 potest

245 485 407 540 esse,
458 468 684 530 docebo
725 487 857 540 vos,
915 467 1214 549 discipuli,
1265 468 1358 539 id,
1411 467 1568 548 quod
1619 469 1747 547 ipse
1789 486 1908 529 non
1950 468 2157 538 didici,
2212 469 2353 547 quid
2396 468 2470 530 de

243 555 408 614 omni
435 571 656 632 genere
686 552 923 614 dicendi
948 555 1220 615 sentiam.

410 637 521 699 Hic
570 645 952 719 posteaquam
995 638 1363 709 adriserunt,
1416 637 1535 699 Res
1573 637 1720 698 mihi
1770 637 1999 698 videtur
2048 656 2205 709 esse,
2260 640 2467 719 inquit,
2501 645 2571 697 30

243 721 517 783 facultate
557 723 895 802 praeclara,
948 729 1075 784 arte
1114 722 1449 784 mediocris.
1521 723 1633 783 Ars
1674 722 1835 783 enim
1879 740 2083 783 earum
2125 741 2327 785 rerum
2361 732 2492 805 est„

240 824 393 887 quae
421 808 719 877 sciuntur;
765 809 1019 869 oratoris
1049 814 1246 869 autem
1277 808 1472 868 omnis
1502 808 1654 868 actio
1684 805 2093 886 opinionibus,
2127 826 2246 870 non
2277 810 2470 869 scien-

239 892 335 961 tia,
369 893 725 954 continetur.
778 892 926 954 Nam
958 899 1018 953 et
1045 893 1200 972 apud
1231 910 1333 953 eos
1363 892 1632 962 dicimus,
1665 892 1765 971 qui
1797 893 2101 963 nesciunt,
2134 899 2194 953 et
2223 911 2292 954 ea
2321 892 2469 954 dici·

236 995 401 1046 mus,
432 995 583 1056 quae
613 978 912 1038 nescimus
939 978 1072 1056 ipsi.
1132 977 1334 1057 ltaque
1365 984 1424 1037 et
1451 974 1539 1036 illi
1568 975 1713 1039 alias
1741 974 1899 1036 aliud
1931 976 2153 1039 eisdem
2185 976 2261 1038 de
2289 977 2469 1039 rebus

237 1067 298 1121 et
326 1062 589 1123 sentiunt
617 1069 679 1122 et
706 1061 971 1123 iudicant
999 1069 1058 1122 et
1087 1079 1196 1122 nos
1224 1062 1556 1122 contrarias
1584 1079 1761 1141 saepe
1792 1078 1998 1122 causas
2029 1062 2306 1134 dicimuS,
2344 1081 2468 1124 non

234 1145 411 1206 modo
442 1152 508 1207 ut
537 1143 793 1208 Crassus
833 1153 1040 1207 contra
1082 1165 1179 1208 me
1219 1145 1377 1207 dicat
1417 1144 1733 1225 aliquando
1775 1153 1874 1208 aut
1916 1163 2027 1225 ego
2058 1153 2262 1209 contra
2294 1148 2466 1209 Cras·

234 1249 397 1299 sum,
431 1248 566 1292 cum
597 1230 868 1293 alterutri
897 1249 1142 1293 necesse
1171 1232 1247 1291 sit
1276 1230 1488 1293 falsum
1521 1230 1738 1300 dicere,
1771 1231 1875 1292 sed
1906 1233 2083 1293 etiam
2115 1240 2179 1293 ut
2208 1239 2463 1313 uterque

208 1322 505 1397 ‚nostrum
535 1315 744 1379 eadem
774 1316 848 1376 de
877 1334 944 1377 re
986 1315 1130 1378 alias
1172 1315 1330 1377 aliud
1374 1315 1689 1386 defendat,
1743 1334 1878 1376 cum
1918 1315 2053 1396 plus
2096 1335 2215 1378 uno
2256 1335 2462 1378 verum

231 1417 363 1460 esse
385 1418 505 1461 non
528 1402 734 1481 possit.
766 1401 1033 1479 Utigitur
1048 1402 1109 1460 in
1125 1400 1413 1462 eiusmodi
1434 1418 1521 1472 re,
1546 1417 1696 1480 quae
1719 1399 2030 1461 mendacio
2056 1402 2190 1462 nixa
2203 1403 2298 1473 sit,
2313 1421 2463 1482 quae

231 1483 306 1543 ad
337 1486 641 1546 scientiam
664 1504 783 1546 non
809 1503 986 1565 saepe
1007 1487 1329 1565 perveniat,
1362 1503 1514 1565 quae
1530 1486 1841 1565 opiniones
1861 1485 2171 1547 hominum
2198 1493 2257 1547 et
2286 1505 2463 1566 saepe

229 1586 468 1630 errores
496 1577 849 1650 aucupetur,
880 1571 961 1630 ita
992 1570 1215 1641 dicam,
1257 1571 1307 1630 si
1336 1587 1573 1631 causam
1602 1570 1822 1649 putatis
1852 1587 2012 1640 esse,
2055 1587 2164 1630 cur
2192 1570 2459 1631 audiatis,

397 1654 518 1714 Nos
545 1673 687 1716 vero
729 1663 788 1715 et
814 1654 983 1715 valde
1013 1655 1278 1735 quidem,
1325 1649 1655 1715 CATULUS
1696 1655 1917 1734 inquit,
1970 1661 2247 1735 putamus
2286 1661 2461 1736 atque
2491 1647 2535 1720 8
2563 1658 2628 1710 31

227 1756 299 1798 eo
329 1741 546 1818 magis,
592 1740 749 1820 quod
781 1738 938 1801 nulla
970 1740 1117 1800 mihi
1146 1740 1539 1803 ostentatione
1570 1738 1787 1799 videris
1818 1756 1946 1807 esse
1975 1756 2211 1799 usurus
2270 1739 2459 1801 Exor-

222 1841 325 1883 sus
355 1842 419 1884 es
448 1826 607 1885 enim
638 1843 758 1885 non
788 1825 1075 1903 gloriose,
1127 1825 1316 1903 magis
1359 1842 1393 1885 a
1423 1824 1699 1894 veritate,
1743 1830 1807 1884 ut
1849 1830 1909 1884 tu
1950 1831 2158 1905 putas,
2199 1842 2376 1906 quam
2425 1844 2459 1885 a

224 1909 425 1969 nescio
455 1927 571 1988 qua
602 1907 905 1987 dignitate.

392 1993 470 2054 Ut
497 1993 678 2072 igitur
720 1992 793 2053 de
833 1994 964 2073 ipso
1004 2011 1224 2071 genere
1264 2011 1396 2057 sum
1440 1992 1777 2064 confessus,
1829 1994 2023 2074 inquit
2063 1990 2453 2066 ANTONIUS,
2487 1998 2557 2049 32

177 2112 198 2126 -
221 2084 413 2139 artem
444 2095 575 2138 esse
604 2095 724 2138 non
755 2080 1100 2150 maximam,
1133 2080 1218 2139 sic
1246 2077 1391 2139 illud
1420 2077 1688 2149 adfirmo,
1718 2086 2039 2159 praecepta
2067 2097 2242 2159 posse
2272 2098 2452 2160 quae-

220 2161 357 2223 dam
398 2162 530 2223 dari
569 2169 853 2242 peracuta
891 2163 967 2223 ad
1007 2162 1456 2242 pertractandos
1502 2165 1732 2225 animos
1762 2164 2071 2225 hominum
2102 2172 2161 2225 et
2191 2163 2265 2225 ad
2295 2167 2453 2226 exci-

216 2247 464 2325 piendas
488 2265 693 2308 eorum
720 2246 1065 2309 voluntates
1107 2248 1294 2311 Huius
1315 2249 1406 2309 rei
1426 2249 1734 2309 scientiam
1766 2249 1816 2307 si
1838 2250 1970 2326 quis
2000 2247 2156 2308 volet
2176 2266 2452 2327 magnam

217 2332 513 2411 quandam
543 2341 733 2394 artem
764 2351 891 2393 esse
923 2332 1140 2404 dicere,
1171 2351 1292 2395 non
1322 2331 1687 2412 repugnabo.
1748 2332 1981 2394 Etenim
2017 2351 2152 2395 cum
2182 2331 2453 2415 plerique

217 2423 443 2478 temere
473 2436 542 2477 ac
572 2417 732 2479 nulla
762 2420 993 2479 ratione
1025 2436 1232 2479 causas
1259 2420 1323 2479 in
1353 2417 1490 2478 foro
1520 2418 1748 2488 dicant,
1781 2416 2053 2478 nonnulli
2081 2425 2279 2479 autem
2307 2437 2451 2499 pro-

214 2507 352 2579 pter
381 2504 865 2563 exercitationem
896 2510 997 2563 aut
1025 2510 1273 2582 propter
1304 2502 1793 2563 consuetudinem
1815 2500 2073 2582 aliquam
2098 2500 2366 2563 callidius
2390 2504 2450 2563 id

215 2584 465 2660 faciant,
518 2604 639 2647 non
678 2595 769 2648 est
808 2585 1053 2647 dubium
1104 2589 1275 2667 quin,
1328 2588 1379 2646 si
1428 2588 1562 2667 quis
1607 2585 2118 2657 animadverterit,
2170 2586 2314 2665 quid
2355 2588 2447 2657 sit,

213 2688 399 2751 quare
429 2670 528 2732 alii
557 2670 770 2733 melius
810 2689 988 2751 quam
1019 2671 1119 2731 alii
1163 2671 1393 2741 dicant,
1446 2671 1509 2731 id
1549 2671 1739 2751 possit
1778 2678 2007 2732 notare.
2066 2670 2226 2749 Ergo
2256 2671 2317 2731 id
2348 2673 2448 2751 qui

280 2882 349 2923 29.
394 2875 505 2925 eive
537 2875 807 2939 artificium
850 2874 873 2923 1
906 2872 1001 2932 21,
1038 2881 1107 2924 90.
1134 2899 1196 2910 -
1224 2890 1284 2925 οε
1385 2871 1518 2924 hoch
1543 2872 1667 2923 oder
1689 2870 1819 2922 auch
1846 2887 1904 2922 so
1932 2875 2290 2936 unbestimmt‚
2327 2875 2448 2928 dass

212 2941 233 2990 1
259 2939 342 3003 38,
372 2949 462 2992 175.
500 2944 743 3008 discipuli
775 2940 1027 2992 natiirlicli
1067 2941 1121 2991 in
1141 2943 1283 2993 dem·
1384 2942 1461 2992 sie
1485 2940 1595 2991 sich
1622 2937 1763 2989 nicht
1782 2939 1943 2991 adher
1964 2942 2273 2993 bezeichnen
2300 2944 2445 2995 lasst.

209 3008 387 3058 selben
423 3008 780 3060 scherzhaften
808 3007 919 3060 Tou
956 3026 1005 3059 u.
1034 3007 1190 3071 Sinn,
1226 3011 1280 3061 in
1449 3019 1520 3061 32.
1559 3009 1898 3073 excipienda-3
1924 3035 1992 3046 —-
2018 3009 2100 3061 ffir
2123 3011 2209 3062 die
2227 3013 2446 3077 captatio

208 3076 326 3126 dem
353 3091 408 3125 er
441 3077 730 3144 iiberbaupt
764 3077 846 3128 die
873 3076 1164 3128 Suffisance
1189 3078 1280 3129 der
1385 3077 1789 3127 benevolentiae.

212 3143 401 3196 rhetor.
432 3142 709 3210 Sophisten
734 3146 1022 3211 peramica,
1061 3146 1144 3196 die
1168 3144 1280 3196 leh-

206 3227 316 3272 ren,
340 3227 446 3262 was
468 3214 546 3263 sie
564 3213 727 3264 selbst
744 3212 881 3264 nicht
897 3215 1104 3263 wissen.
1140 3210 1173 3280 S
1193 3212 1280 3266 76.

207 3280 320 3345 ipse
345 3297 446 3331 non
471 3282 633 3332 didiae
654 3283 676 3331 Ι
699 3279 785 3341 48,
810 3289 905 3335 208.

274 3373 342 3415 30.
380 3366 519 3424 Ars,
563 3365 819 3414 Antonius
853 3363 983 3430 folgt
1020 3365 1130 3415 also
1164 3364 1276 3415 hier

206 3432 325 3483 dem
371 3448 476 3484 von
523 3432 631 3483 ihm
672 3432 763 3483 mit
796 3431 980 3483 Beifall
1025 3431 1273 3499 gehorten

208 3499 522 3552 Charmadas
541 3537 555 3563 ,
583 3502 605 3549 1
627 3499 714 3562 20,
740 3508 806 3550 92.

273 3586 558 3643 mendacia,
598 3585 690 3634 mit
714 3583 1039 3649 Anspielung
1060 3584 1155 3635 auf
1174 3584 1273 3636 So-

204 3653 376 3703 krates
411 3653 549 3703 Auss
589 3651 715 3703 ruch
749 3653 801 3703 in
826 3651 955 3703 Plat.
977 3651 1191 3703 Phaedr.
1217 3661 1279 3717 Ρ.

202 3717 308 3769 260
339 3721 397 3769 Ε.
448 3709 484 3784 ἡ
564 3715 810 3800 ητορςκὴ,
837 3712 1135 3800 ψεύδεται
1171 3718 1272 3772 καὶ

1451 3152 1639 3196 temere
1672 3169 1735 3179 —
1772 3144 1884 3195 sine
1930 3145 2171 3208 consilio,
2219 3146 2442 3213 planlos.

1382 3215 1520 3264 nulla
1540 3215 1745 3263 ratione
1771 3239 1834 3249 —
1862 3211 1996 3262 ohne
2019 3213 2274 3267 Methode.
2324 3214 2445 3280 Vgl.

1382 3296 1448 3331 zu
1474 3280 1564 3330 der
1585 3294 1785 3346 ganzeu
1814 3279 1971 3328 Stelle
2007 3280 2163 3334 Arist.
2189 3280 2338 3331 Rhet.
2367 3283 2386 3329 1
2417 3281 2441 3330 1

1376 3347 1489 3400 τῶν
1521 3342 1631 3412 μὲν
1667 3334 1773 3399 οὖν
1805 3345 2027 3397 πολλῶν
2061 3342 2123 3399 οῖ
2142 3341 2251 3414 μὲν
2286 3343 2447 3413 εἰκῆ

1375 3412 1559 3467 ταῦτα
1578 3413 1806 3480 δρῶσιν,
1831 3408 1894 3465 οῖ
1911 3407 1976 3465 δὲ
1996 3407 2095 3465 διὰ
2116 3407 2445 3480 συνήθειαν

1373 3475 1499 3535 ἀπὸ
1547 3478 1732 3546 ἕξεως.
1815 3473 1939 3533 ἐπεὶ
1999 3473 2052 3531 δ’
2101 3472 2438 3561 &aqut-§onoc

1376 3543 1702 3630 ἐνδέχεται,
1743 3548 1923 3616 δῆλον
1954 3537 2045 3602 ὅτι
2072 3548 2166 3616 εἴη
2189 3566 2267 3600 αν
2290 3541 2441 3601 αὐτοὶ

1375 3616 1476 3670 καὶ
1524 3616 1918 3670 odones-stv-
1980 3606 2055 3669 δι’
2091 3606 2125 3668 3
2158 3609 2270 3697 γὰρ
2318 3609 2436 3669 ἔπι-

1374 3677 2438 3820 ῑῖῖκῗῖἳεεπεεῑῑμὲεέεᾝῗ8.πῖ

2131 3791 2147 3818 2

203 3778 310 3839 οὐκ
337 3782 454 3839 ἔστι
479 3803 671 3854 τεχνη,
692 3789 796 3840 αλλ
825 3803 1064 3854 ατεχνος
1089 3780 1270 3854 τριβή.

271 3873 346 3921 ita
385 3871 517 3922 fasst
561 3874 658 3922 wie
699 3862 876 3932 οὕτως
924 3873 1007 3922 die
1057 3888 1270 3924 vorans-

199 3937 471 4004 gehendeu
497 3940 914 4005 Bestimmungen
950 3942 1001 3990 in
1041 3941 1151 3992 eins
1177 3957 1266 3991 zu·

202 4021 455 4059 sammon.

270 4071 331 4134 8,
366 4083 434 4125 31.
473 4091 508 4126 a
529 4078 749 4127 veritate
782 4101 850 4111 ——-
889 4076 986 4124 wie
1010 4090 1065 4127 es
1100 4077 1150 4127 in
1178 4077 1269 4128 der

201 4141 561 4212 Wirklichkeit
583 4145 667 4195 ist.

273 4228 445 4279 nescio
487 4244 612 4295 qua,
667 4227 1162 4294 iiberschwenglich‚
1207 4245 1268 4280 so

1372 3822 1446 3874 τί
1453 3838 1541 3873 αν
1574 3820 1698 3903 ⁰²ae
1735 3824 1823 3871 εἴν
1857 3812 2199 3900 ἐνδέχεται·
2254 3814 2334 3901 ’τὸ
2368 3812 2435 3871 δὲ

1371 3888 1635 3942 τοιοῦτον
1653 3909 1689 3956 η
1733 3906 1769 3954 η
1787 3903 2005 3949 παντες
2022 3887 2437 3955 ομολογησαιεν

1371 3952 1575 4024 τέχνης
1601 3953 1767 4024 ἔργον
1792 3951 1964 4009 εἶναι.

1435 4028 1853 4077 animadverterit
1892 4026 1914 4074 Ι
1947 4023 2040 4086 23,
2083 4032 2174 4075 109.
2236 4030 2342 4075 toto
2373 4025 2433 4075 in

1364 4108 1572 4161 genere,
1597 4093 1692 4142 auf
1712 4093 1828 4142 dem
1851 4099 2115 4159 gesamten
2140 4089 2316 4142 Gebiet
2341 4092 2434 4143 der

1367 4162 1684 4219 Redekunst,
1708 4159 1846 4209 nicht
1869 4159 2010 4211 bloss
2028 4158 2139 4208 hier
2156 4175 2207 4208 u.
2230 4160 2294 4209 da
2311 4158 2429 4210 hin-

1368 4227 1600 4281 sichtlich
1627 4229 1885 4280 einzelner
1907 4228 2084 4279 Theile
2108 4226 2391 4279 derselben'.
