2930 4693
443 188 567 253 190
1011 180 1110 243 DE
1148 176 1509 242 onAToRE
1548 175 1601 239 Π
1643 175 1747 239 65.
1789 180 2095 237 261-263.

442 352 626 416 animi
654 349 947 413 sententia
988 356 1054 411 tu
1095 365 1339 410 uxorem
1367 346 1624 408 habesi'
1683 348 1703 379 ‘
1722 346 1856 408 Non
1896 344 2159 417 hercule,
2202 347 2414 428 inquit,
2443 365 2520 409 ex
2550 350 2675 409 mei

445 438 624 500 animi
669 436 1007 498 seutentia.'
1095 434 1255 495 Haec
1285 440 1386 494 aut
1413 430 1629 510 frigida
1659 438 1798 493 sunt
1825 437 1928 492 aut
1955 438 2081 492 tum
2111 430 2281 504 salsa,
2325 451 2480 516 cum⁸
2504 432 2667 494 aliud

446 529 536 584 est
563 527 990 603 exspectatum.
1078 519 1301 580 Natura
1330 517 1491 579 enim
1533 534 1659 587 nos,
1702 523 1770 578 ut
1809 523 1945 577 ante
1991 516 2126 587 dixi,
2172 525 2374 579 noster
2415 517 2674 581 delectat

449 626 648 678 error;
681 625 754 668 ex
782 624 918 687 quo,
950 622 1087 666 cum
1117 604 1284 683 quasi
1313 602 1548 682 decepti
1576 619 1779 664 sumus
1809 603 2265 682 exspectatione,
2296 601 2581 665 ridemus,

275 692 360 764 65
383 700 480 753 261
613 692 679 753 ln
708 690 905 752 verbis
937 690 1112 750 etiam
1143 687 1239 749 illa
1270 693 1425 757 sunt,
1470 705 1622 767 quae
1652 693 1753 747 aut
1792 704 1864 748 ex
1906 688 2214 749 immutata
2255 689 2522 750 oratione
2561 689 2672 750 du·

443 784 658 839 cuntur
689 784 790 837 aut
819 793 892 836 ex
918 775 1094 835 unius
1122 771 1291 834 verbi
1318 770 1703 833 translatione
1734 778 1835 833 aut
1864 790 1937 833 ex
1964 773 2301 833 inversione
2330 772 2670 835 verborum.

442 862 530 923 Ex
573 861 1013 929 immutatione,
1056 864 1125 919 ut
1163 855 1305 918 olim
1345 857 1541 918 Rusca
1572 874 1708 918 cum
1737 856 1932 935 legem
1973 857 2162 918 ferret
2202 857 2506 930 annalem,
2552 858 2671 919 dis·

443 963 651 1008 suasor
679 947 756 1007 M.
791 942 1097 1006 Servilius:
1130 942 1270 1004 ‘Dic
1299 942 1462 1012 mihi,
1495 942 1703 1022 inquit,
1735 943 1811 1003 M.
1844 942 2062 1013 Pinari,
2094 960 2255 1013 num,
2289 944 2341 1003 si
2370 949 2576 1004 contra
2611 950 2670 1006 te

445 1031 670 1102 dixero,
702 1028 850 1092 mihi
881 1027 1034 1089 male
1066 1026 1331 1089 dicturus
1371 1046 1454 1098 es,
1499 1033 1566 1088 ut
1606 1029 1823 1088 ceteris
1863 1027 2127 1088 fecisti?’
2188 1032 2208 1063 ‘
2224 1027 2302 1089 Ut
2340 1035 2672 1090 sementem

314 1134 415 1186 262
445 1116 676 1185 feceriS,
708 1116 789 1175 ita
819 1118 1051 1182 metes,’
1083 1113 1292 1192 inquit.
1380 1111 1468 1173 Ex
1497 1110 1885 1174 translatione
1915 1119 2129 1184 autem,
2174 1118 2255 1183 ut,
2303 1131 2438 1173 cum
2471 1114 2671 1194 Scipio

444 1199 546 1261 ille
585 1200 776 1260 maior
821 1197 1144 1260 Corinthiis
1187 1204 1440 1258 statuam
1485 1195 1902 1276 pollicentibus
1944 1216 2015 1258 eo
2058 1197 2190 1258 loco
2205 1243 2219 1266 ,
2271 1196 2377 1259 uhi
2418 1196 2671 1260 aliorum

446 1291 645 1345 essent
664 1285 1111 1364 imperatorum,
1139 1280 1458 1343 ‘turmales
1481 1282 1627 1342 dixit
1650 1280 2009 1363 displicere?
2068 1283 2451 1344 Invertuntur
2473 1290 2671 1344 autem

444 1368 641 1438 verba,
675 1375 767 1429 ut:
814 1368 1059 1429 Crassus
1091 1367 1246 1446 apud
1276 1367 1351 1428 M.
1385 1366 1750 1446 Perpernam
1778 1366 2034 1428 iudicem
2064 1386 2176 1447 pro
2206 1365 2504 1429 Aculeone
2537 1386 2670 1429 cum

445 1454 685 1524 diceret,
730 1452 938 1514 aderat
978 1458 1186 1513 contra
1215 1449 1574 1513 Aculeonem
1607 1451 1949 1513 Gratidiano
1980 1451 2044 1513 L.
2077 1451 2276 1513 Aelius
2304 1452 2525 1524 Lamia,
2570 1453 2673 1513 de·

443 1537 669 1609 formiS,
703 1544 770 1598 ut
798 1539 1015 1606 nostis;
1057 1538 1160 1617 qui
1188 1554 1324 1599 cum
1353 1535 1765 1617 interpellaret
1792 1535 2014 1606 odiose,
2048 1537 2414 1607 ‘Audiamus
2459 1538 2670 1618 inquit,

443 1621 805 1703 pulchellum
851 1639 1102 1702 puerum
1118 1623 1158 1692 ,⁹
1216 1622 1479 1683 Crassus.
1570 1622 1715 1683 Cum
1758 1629 1914 1683 esset
1954 1620 2244 1693 adrisum‚
2302 1622 2467 1684 ‘Non
2507 1625 2676 1702 potui

444 1708 609 1778 mihi,
641 1708 843 1787 inquit*
862 1706 1082 1777 Lamia,
1115 1706 1367 1768 sormam
1399 1708 1528 1787 ipse
1568 1706 1827 1784 fingere;
1869 1707 2176 1785 ingenium
2219 1708 2429 1786 potui?
2519 1708 2675 1769 Tum

443 1791 541 1852 hic
573 1792 944 1862 ‘Audiamus
976 1792 1186 1871 inquit,
1234 1792 1568 1853 disertum!
1654 1790 1838 1853 Multo
1869 1792 2046 1853 etiam
2080 1790 2342 1853 adrisum
2371 1798 2462 1853 est
2488 1792 2671 1854 vehe-
2726 1808 2736 1826 ⁸

443 1877 720 1936 mentiuS.

614 1958 765 2019 Sunt
796 1960 972 2019 etiam
1001 1956 1101 2019 illa
1131 1965 1393 2029 venusta,
1437 1966 1505 2020 ut
1533 1961 1597 2020 in
1627 1960 1903 2039 gravibus
1933 1962 2259 2033 sententiis,
2304 1962 2388 2022 sic
2417 1963 2482 2021 in
2512 1961 2674 2023 face-

441 2043 557 2113 tiis,
598 2078 669 2087 -
705 2042 826 2104 dixi
847 2044 1003 2103 enim
1025 2042 1246 2104 dudum
1269 2045 1563 2106 rationem
1587 2043 1759 2107 aliam
1787 2065 1916 2107 esse
1937 2048 2069 2117 ioci,
2103 2045 2275 2107 aliam
2310 2047 2645 2108 severitatis
2656 2068 2674 2118 3

311 2144 413 2197 263
444 2129 709 2207 gravium
742 2135 937 2190 autem
969 2135 1029 2189 et
1055 2128 1325 2190 iocorum
1354 2146 1534 2189 unam
1578 2148 1707 2191 esse
1749 2133 2089 2203 materiam:
2132 2166 2202 2177 ——·
2236 2139 2453 2193 ornant
2492 2133 2677 2211 igitur

442 2365 804 2430 intempestive
849 2363 1164 2430 lascivisset)
1213 2365 1506 2432 degi-adiert

441 2433 647 2483 worden
671 2434 748 2484 sei
782 2433 849 2497 (c.
877 2450 991 2484 eum
1016 2435 1069 2485 in
1094 2435 1317 2485 aerarios
1342 2444 1500 2485 rettu-

441 2501 538 2564 lit).
566 2527 631 2538 -—
656 2508 790 2562 ante,
818 2502 851 2565 §
875 2501 993 2555 255.

507 2584 600 2649 65,
645 2595 739 2637 261.
805 2587 1071 2639 Wortwitz
1115 2587 1337 2639 entsteht
1371 2587 1502 2639 auch

439 2653 600 2706 durch
635 2654 973 2719 Anwendung
1015 2656 1105 2705 der
1137 2656 1500 2723 Allegorie,

442 2723 531 2772 der
555 2722 884 2788 Metapher
906 2723 1013 2775 und
1038 2724 1128 2773 der
1150 2725 1383 2775 Ironie.

508 2821 581 2854 ex
603 2807 784 2859 itnmut.
812 2823 912 2867 or„
938 2807 1008 2857 111
1032 2807 1113 2867 41,
1141 2816 1232 2859 166.
1261 2824 1331 2861 ex
1354 2810 1503 2860 unius

440 2889 487 2924 v.
513 2879 568 2931 t.,
594 2873 665 2922 ΙΙΙ
688 2871 771 2933 38,
800 2883 888 2924 155.

512 2954 583 2989 ex
606 2941 790 2991 invers.
818 2958 865 2991 v.
914 2941 1085 3000 Quint.
1110 2942 1229 2992 VIII
1264 2941 1322 3006 6,
1358 2952 1407 2992 54
1448 2944 1502 2992 in

443 3021 502 3056 eo
525 3020 738 3070 genere,
767 3022 866 3069 quo
892 3009 1143 3057 contraria
1166 3011 1505 3063 ostenduntur

439 3074 603 3125 ironia
627 3082 730 3132 est;
755 3074 1045 3126 illusionem
1070 3086 1271 3128 vocant.

513 3161 578 3211 Ut
609 3166 876 3210 sementem
902 3160 1121 3224 feceris,
1172 3162 1325 3212 Arist.
1369 3162 1500 3215 rhet.

440 3228 505 3277 Ill
534 3227 595 3290 3,
629 3235 655 3276 4
702 3218 771 3279 σύ
805 3221 871 3278 δὲ
906 3225 1087 3279 ταῦτα
1121 3224 1364 3295 αἰσχρῶς
1389 3224 1503 3297 μὲν

441 3289 725 3361 ἔσπειρας,
751 3294 941 3356 κακῶς
965 3290 1031 3348 δὲ
1058 3288 1345 3362 ἐθέρισας.

505 3388 599 3431 262.
657 3382 921 3439 tur-malea,
982 3380 1250 3445 cigentlich
1300 3384 1499 3446 equites

438 3448 561 3497 oder
605 3447 820 3508 milites,
867 3447 1038 3497 Reiter
1082 3463 1185 3498 von
1234 3449 1496 3501 derselben

437 3513 764 3576 Schwadron,
786 3514 1015 3579 iigiirlich
1033 3516 1128 3565 auf
1139 3525 1336 3567 statuae
1357 3520 1499 3568 iiber-

434 3591 640 3645 tragen:
680 3581 933 3645 ‘Statuen,
962 3583 1044 3632 die
1068 3583 1378 3636 haufenweis
1405 3601 1500 3636 zu-

435 3647 894 3710 sammenstehen3'
944 3651 1108 3701 nebeu
1146 3654 1285 3702 einer
1319 3654 1502 3718 Menge

437 3716 652 3766 anderer
676 3716 889 3769 Statuen
922 3717 1053 3768 noch
1091 3721 1241 3770 einen
1264 3721 1407 3771 Platz
1436 3737 1501 3771 zu

435 3782 622 3844 finden,
647 3784 715 3836 ist
739 3786 889 3835 keine
911 3785 1082 3836 rechte
1100 3787 1501 3854 Auszeichnung

436 3851 595 3902 mehr.
622 3853 689 3903 ad
714 3851 818 3903 Att.
842 3852 915 3902 VI
943 3852 989 3914 1,
1019 3862 1065 3903 17
1100 3862 1266 3905 turma
1291 3857 1496 3906 inaura-

434 3926 600 3969 tarum
627 3920 954 3983 equestrium.
1001 3921 1181 3973 Vell.l
1217 3922 1280 3973 11
1317 3923 1497 3973 Metel-

432 3986 515 4036 lus
547 4013 618 4024 —·
652 3989 738 4052 qui
782 3987 914 4038 hanc
957 3995 1174 4039 turmam
1219 3999 1501 4042 statuarum

435 4055 773 4119 equestrium,
834 4070 964 4119 quae
1009 4056 1227 4108 frontem
1277 4060 1499 4123 equitum

435 4129 694 4184 spectant,
744 4123 998 4187 hodieque
1029 4126 1312 4176 maximum
1350 4142 1501 4177 orna-

434 4192 664 4236 mentum
710 4190 825 4254 loci,
877 4207 942 4240 ex
974 4191 1269 4242 Macedonia
1303 4194 1499 4247 detulit.

1606 2367 1733 2418 Also
1758 2367 1849 2419 der
1872 2368 2082 2419 ufichste
2106 2368 2262 2421 siun:
2306 2370 2480 2421 solche
2504 2371 2674 2437 Grap-

1606 2450 1707 2502 peu
1750 2450 1849 2486 von
1886 2437 2261 2489 Reiterstatuen
2308 2439 2522 2504 gestelen
2566 2439 2676 2490 ihm

1605 2502 1770 2563 nicht3
1791 2506 1914 2555 aber
1933 2505 2064 2555 auch
2081 2505 2206 2556 wol:
2229 2507 2313 2556 die
2333 2506 2371 2557 C
2383 2522 2474 2557 am
2491 2522 2593 2557 era
2605 2509 2639 2558 d
2653 2535 2678 2544 -

1605 2572 1823 2623 schaft
1872 2572 2053 2638 geflele
2085 2572 2191 2623 ihm
2224 2573 2386 2633 nicht3
2434 2575 2541 2625 und
2578 2576 2675 2627 das

1603 2656 1706 2691 war
1727 2641 1914 2692 wieder
1937 2640 2312 2709 doppelsinnig.

1670 2742 2006 2794 Invertuntur
2045 2769 2115 2779 —
2155 2743 2339 2795 sodass
2364 2745 2440 2794 sie
2482 2744 2681 2810 gerade

1606 2811 1706 2862 deu
1732 2819 2249 2878 entgegeugesetzten
2272 2811 2399 2863 Sinn
2425 2810 2675 2864 erhalten.

1675 2896 1908 2960 Crassus,
1936 2896 2071 2947 Einl.
2099 2899 2122 2947 I
2146 2894 2178 2962 S
2210 2895 2288 2960 10,
2314 2905 2381 2948 89.

1672 2981 1942 3044 disertum,
1994 2981 2092 3031 den
2134 2982 2436 3046 gewandten
2485 2979 2674 3048 (geist-

1604 3045 1803 3112 vollen)
1825 3048 2052 3109 Redner‚
2084 3064 2190 3099 was
2214 3050 2387 3100 Lamia
2412 3050 2672 3102 notorisch

1607 3115 1738 3165 noch
1768 3115 1871 3164 viel
1906 3117 2130 3181 weniger
2164 3118 2274 3167 sein
2309 3118 2538 3181 mochte,
2577 3135 2670 3169 zu·

1603 3181 1771 3248 gleich
1797 3198 1880 3233 um
1904 3186 2022 3234 sein
2051 3185 2254 3236 odiosas
2279 3186 2666 3252 Interpellieren

1607 3267 1670 3300 zu
1693 3251 1935 3316 geisseln.
1972 3252 2115 3303 Brut.
2141 3252 2224 3315 52,
2250 3262 2326 3305 196
2359 3254 2668 3322 interpreta-

1603 3321 1739 3369 tione
1773 3320 2075 3371 disertorum
2123 3322 2313 3389 scripta
2358 3322 2672 3389 simplicium

1601 3385 1862 3437 hominum
1886 3396 2190 3454 pervertere.

1668 3473 1757 3522 illa
1781 3498 1845 3508 —
1871 3472 2091 3523 nfimlich
2114 3475 2272 3525 verba
2288 3474 2442 3526 relata
2463 3484 2665 3526 contra-

1601 3538 1701 3600 rie;
1736 3545 1859 3591 statt
1881 3541 2000 3591 aber
2036 3541 2177 3592 diese
2210 3541 2375 3608 gleich
2412 3541 2673 3594 anzufiih-

1603 3621 1709 3669 ren,
1724 3607 1907 3673 drz'iugt
1925 3607 2032 3658 sich
2054 3607 2158 3660 ihm
2169 3610 2358 3674 gerade
2372 3609 2562 3661 hierbei
2577 3611 2672 3664 der

1604 3672 1847 3725 Gedanke
1870 3676 1986 3726 auf:
2021 3678 2152 3727 utin
2176 3692 2257 3743 gr.
2282 3693 2325 3729 s.
2365 3679 2440 3728 sic
2468 3680 2520 3727 iu
2547 3678 2666 3743 sac„

1601 3744 1761 3792 wobei
1796 3758 1849 3792 er
1881 3744 2069 3794 wieder
2101 3759 2164 3794 an
2204 3746 2304 3796 den
2331 3746 2458 3796 oben
2485 3747 2670 3812 ausge-

1603 3810 1803 3860 stellten
1864 3811 2202 3877 allgemeiuen
2263 3812 2384 3864 Satz
2445 3815 2667 3866 erinuert

1602 3874 1661 3944 (S
1687 3876 1814 3945 248)
1838 3879 1943 3928 und
1968 3879 2103 3930 daun
2128 3880 2382 3932 fortfiihrt.

1605 4043 1637 4111 S
1660 3980 1857 4096 ἑιᾶιὸαιηη
1880 3978 1931 4044 (Ι
1953 3980 2037 4044 47,
2062 3979 2170 4047 206)
2207 3981 2442 4045 ‘vorhin,’
2477 3982 2666 4048 ‘obem‘

1670 4138 1764 4180 263.
1821 4140 2011 4183 ornant
2051 4134 2230 4198 igitur,
2282 4150 2372 4184 zur
2404 4135 2667 4188 Verschii-

1607 4211 1803 4263 uerung
1828 4207 2004 4265 tragen
2028 4201 2156 4264 also,
2180 4202 2275 4251 wie
2296 4210 2493 4268 gesagt,
2520 4204 2628 4254 bei:
