2930 4693
474 240 605 305 236

1095 232 1194 295 DE
1236 230 1596 295 ORATORE
1632 230 1716 294 111
1754 229 1815 294 9.
1860 236 2102 293 34-36.

474 402 887 467 mediocritate
917 410 977 463 et
1009 419 1084 463 ex
1112 419 1202 470 eo,
1234 400 1411 480 quod,
1442 399 1659 480 quibus
1686 401 1949 480 vestigiis
1977 401 2240 480 primum
2269 402 2482 474 institi,
2531 403 2600 463 in
2632 404 2718 464 eis

476 488 607 549 fere
635 486 798 550 soleo
826 504 1112 566 perorare
1140 494 1201 547 et
1229 484 1386 565 quod
1417 484 1718 565 aliquanto
1747 502 1845 545 me
1875 487 2067 546 maior
2089 487 2154 545 in
2188 485 2386 546 verbis
2419 486 2719 565 eligendis

476 570 648 633 labor
692 582 754 632 et
801 589 943 632 cura
982 577 1223 650 torquet
1262 576 1596 640 verentem,
1651 587 1755 640 ne,
1812 571 1863 629 si
1902 569 2101 648 paullo
2151 568 2478 632 obsoletior
2531 571 2719 632 fuerit

360 668 438 722 34
477 657 686 726 oratio,
716 673 839 716 non
870 655 1047 734 digna
1078 655 1516 733 exspectatione
1547 660 1607 713 et
1634 653 1870 715 silentio
1900 653 2082 715 fuisse
2111 654 2395 715 videatur
2488 655 2719 728 Quodsi

476 743 540 802 in
571 739 761 811 nobis,
791 741 896 819 qui
915 738 1214 808 adsumus,
1244 745 1444 799 tantae
1467 737 1991 808 dissimilitudines„
2025 748 2144 799 tam
2165 745 2368 799 certae
2389 756 2493 802 res
2513 741 2717 802 cuius·

476 843 594 906 que
634 825 940 904 propriae,
984 829 1046 884 et
1083 823 1148 883 in
1193 840 1260 883 ea
1304 823 1585 883 varietate
1626 821 1754 882 sere
1783 820 1999 883 melius
2039 841 2072 883 a
2103 823 2402 884 deteriore
2431 823 2718 886 facultate

475 910 665 988 magis
674 926 853 989 quam
875 925 1095 986 genere
1107 906 1485 985 distinguitur
1508 914 1683 987 atque
1705 924 1884 967 omne
1904 906 2194 976 laudatur,
2209 907 2407 986 quod
2389 924 2457 968 ιιι
2479 925 2590 968 suo
2614 925 2719 986 ge-

475 1012 624 1054 nere
644 992 975 1072 perfectum
998 998 1118 1052 est.
1151 991 1293 1071 quid
1314 993 1587 1060 censetis,
1614 991 1665 1051 si
1687 1008 1913 1060 omnes,
1940 992 2042 1071 qni
2063 991 2281 1070 ubique
2298 997 2441 1052 sunt
2462 998 2567 1053 aut
2587 992 2718 1054 fue-

472 1084 617 1139 runt
639 1083 927 1145 oratores
958 1074 1237 1156 amplecti
1266 1074 1661 1136 voluerimus?
1705 1093 1907 1136 nonne
1935 1075 2098 1147 fore,
2129 1085 2212 1145 ut,
2244 1083 2394 1154 quot
2420 1084 2716 1147 oratores,

472 1160 722 1223 totidem
750 1177 941 1239 paene
961 1161 1341 1239 reperiantur
1361 1176 1582 1238 genera
1605 1158 1875 1219 dicendi?
1905 1159 1994 1220 Ex
2015 1178 2134 1239 qua
2157 1177 2291 1221 mea
2311 1159 2718 1240 disputatione

475 1245 726 1307 forsitan
746 1251 1023 1305 occurrat
1041 1242 1205 1315 illud,
1220 1245 1271 1304 si
1284 1261 1476 1322 paene
1496 1242 1962 1305 innumerabiles
1982 1245 2103 1304 sint
2121 1245 2291 1324 quasi
2308 1244 2541 1306 formae
2565 1246 2717 1323 iign-

474 1347 699 1409 raeque
720 1328 975 1399 dicendi,
998 1330 1198 1409 specie
1210 1328 1495 1407 dispares,
1510 1340 1732 1407 genere
1753 1326 2095 1399 laudabiles,
2123 1346 2245 1389 non
2256 1346 2432 1407 posse
2456 1347 2545 1399 ea,
2562 1347 2717 1409 quae

475 1415 637 1475 inter
662 1432 731 1474 se
761 1412 1120 1492 discrepant,
1163 1413 1387 1473 eisdem
1418 1413 1757 1491 praeceptis
1797 1419 1974 1491 atque
2003 1429 2121 1473 una
2167 1414 2542 1475 institutione
2589 1413 2714 1474 for-

360 1507 436 1563 85
477 1500 649 1560 mari.
737 1497 907 1570 Quod
939 1515 1061 1559 non
1092 1505 1184 1559 est
1209 1498 1309 1566 ita,
1356 1494 1924 1575 diligentissimeque
1952 1496 2069 1557 hoc
2114 1503 2205 1557 est
2247 1498 2348 1567 eis,
2393 1499 2499 1576 qui
2540 1499 2715 1559 insti·

476 1591 653 1646 tuunt
680 1581 907 1662 aliquos
937 1589 1114 1662 atque
1144 1580 1440 1652 erudiunt,
1471 1579 1809 1651 videndum,
1856 1599 1974 1661 quo
2012 1598 2118 1642 sua
2159 1598 2456 1661 quemque
2499 1590 2717 1643 natura

474 1670 734 1732 maxime
784 1667 946 1728 ferre
994 1666 1281 1728 videatur.
1368 1665 1603 1726 Etenim
1654 1663 1921 1725 videmus
1973 1683 2047 1726 ex
2100 1666 2309 1726 eodem
2362 1668 2534 1744 quasi
2571 1665 2715 1727 ludo

473 1770 846 1816 summorum
874 1752 937 1811 in
968 1770 1076 1813 suo
1105 1752 1391 1830 cuiusque
1419 1765 1643 1828 genere
1673 1749 1965 1811 artificum
1992 1757 2052 1811 et
2069 1750 2492 1828 magistrorum
2518 1754 2715 1811 exisse

477 1835 799 1916 discipulos
829 1833 1143 1897 dissimiles
1168 1836 1326 1895 inter
1355 1851 1420 1894 se
1451 1851 1521 1894 ac
1550 1841 1750 1894 tamen
1778 1832 2123 1905 laudandos,
2158 1851 2294 1895 cum
2324 1833 2399 1894 ad
2422 1836 2715 1915 cuiusque

362 1930 435 1984 36
477 1927 751 1982 naturam
778 1920 1070 1980 institutio
1100 1918 1363 1980 doctoris
1391 1918 1964 1980 accommodaretur.
2012 1915 2203 1981 Cuius
2224 1924 2316 1980 est
2337 1917 2429 1978 vel
2451 1921 2714 1980 maxime

475 2005 711 2082 insigne
740 2002 885 2064 illud
916 2002 1272 2082 exemplum,
1316 2009 1382 2064 ut
1410 2010 1643 2064 ceteras
1672 2010 1833 2063 artes
1862 2005 2220 2073 omittamus,
2265 2001 2427 2082 quod
2472 2002 2715 2064 dicebat

473 2088 769 2151 Isocrates
799 2086 1007 2149 doctor
1036 2086 1353 2166 singularis
1380 2104 1446 2147 se
1478 2085 1808 2148 calcaribus
1836 2089 1902 2148 in
1943 2088 2205 2168 Ephoro,
2251 2094 2459 2148 contra
2509 2095 2710 2149 autem

472 2174 540 2234 in
569 2174 958 2254 Theopompo
987 2172 1175 2234 frenis
1202 2173 1292 2233 uti
1320 2169 1534 2232 solere.
1622 2171 1890 2234 Alterum
1931 2174 2093 2233 enim
2135 2170 2535 2234 exsultantem
2575 2190 2712 2233 ver·

541 2426 922 2484 mediocritate,
972 2426 1120 2490 ‘quae
1168 2435 1246 2475 est
1281 2426 1414 2475 inter
1456 2424 1539 2473 ni·

475 2493 636 2545 mium
662 2502 711 2543 et
732 2497 930 2558 parum’
957 2494 1023 2543 de
1047 2493 1131 2545 off.
1159 2495 1180 2543 1
1205 2492 1287 2555 25,
1313 2501 1384 2543 89.

543 2581 599 2628 in
620 2578 788 2629 verbis
811 2579 1078 2643 eligendis.
1112 2577 1205 2626 Die
1228 2577 1398 2626 hinter
1420 2592 1539 2626 ver-

474 2645 556 2697 bis
581 2646 633 2695 in
660 2646 755 2696 den
777 2646 870 2695 Hs,
888 2661 939 2695 u.
960 2646 1235 2710 Ausgaben
1255 2643 1538 2694 stehenden

474 2712 655 2764 Worte
679 2728 834 2778 quam
861 2714 911 2761 in
938 2712 1204 2763 sententiis
1228 2712 1347 2762 sind
1371 2710 1537 2761 nichts

473 2780 552 2830 als
600 2781 683 2829 ein
729 2781 1086 2844 unpassendes
1134 2778 1367 2829 Glossem
1415 2778 1537 2842 (das

473 2844 587 2896 sich
620 2846 752 2896 auch
789 2845 1069 2896 ausserlich
1104 2846 1178 2896 als
1214 2846 1414 2896 solches
1440 2847 1537 2896 da-

475 2912 638 2962 durch
672 2914 890 2968 erweist.
941 2914 1061 2963 dass
1095 2913 1185 2963 der
1208 2914 1311 2963 Erl.
1345 2916 1367 2965 1
1401 2914 1434 2963 b
1485 2918 1537 2964 et

472 2986 596 3034 statt
613 2995 766 3042 quam
781 2977 914 3043 hat).
934 2979 1063 3029 Dass
1076 2979 1156 3029 Cr.
1170 2981 1284 3029 eine
1300 2985 1538 3046 grossere

470 3046 698 3112 Sorgfalt
730 3049 780 3097 in
816 3048 986 3097 verbis
1020 3046 1269 3110 eligendis
1314 3063 1460 3113 quam
1485 3049 1537 3097 in

462 3115 735 3167 sententiis
758 3115 997 3173 beweise‚
1024 3114 1216 3163 konute
1239 3116 1345 3164 und
1368 3115 1539 3165 wollte

469 3197 525 3232 er
549 3182 689 3232 nicht
712 3197 814 3233 von
837 3181 950 3232 sich
972 3196 1248 3246 aussagen‚
1273 3182 1369 3232 wol
1394 3183 1537 3243 aber,
1569 3203 1580 3216 ·

469 3250 594 3301 dass
626 3265 681 3300 er
750 3266 937 3301 enauer
970 3251 1045 3300 sei
1067 3250 1121 3299 in
1144 3248 1238 3300 der
1260 3249 1416 3300 Wahl
1441 3250 1535 3301 des

466 3319 710 3369 Ausdruc
747 3334 799 3381 s,
835 3318 928 3369 als
965 3319 1314 3379 Antonine,
1352 3318 1442 3367 der
1477 3332 1532 3369 es

466 3385 629 3438 demit
647 3394 803 3437 etwas
819 3384 1029 3436 leichter
1049 3402 1113 3435 zu
1132 3385 1352 3435 nehmen
1371 3385 1536 3451 pileg-
1563 3413 1586 3434 ι

464 3461 534 3505 te.
570 3453 711 3508 Brut.
735 3453 819 3517 37,
849 3463 923 3505 140
946 3469 1048 3505 von
1074 3454 1354 3503 Antonius.
1378 3454 1538 3504 verba

462 3522 585 3585 ipsa
630 3537 731 3571 non
781 3492 868 3571 il’la
915 3522 1120 3584 quidem
1153 3520 1532 3585 elegantissimo

466 3601 728 3648 sermone3
777 3589 951 3652 itaque
986 3590 1257 3654 diligenter
1293 3587 1537 3655 loquendi

464 3657 617 3706 laude
662 3662 857 3715 caruit,⁸
905 3657 1136 3722 dag-egen
1169 3653 1384 3717 38,143
1430 3670 1534 3706 von

468 3722 710 3775 Crassus·
753 3723 907 3772 latine
940 3723 1182 3786 loquendi
1214 3731 1462 3774 accurata
1486 3730 1536 3773 et

463 3791 579 3841 sine
613 3790 847 3841 molestia
872 3792 1088 3857 diligens
1111 3793 1383 3856 elegantia.

534 3893 922 3957 exspectatione
941 3898 993 3941 et
1005 3893 1225 3951 silentio,
1246 3891 1533 3957 Spannung

465 3959 576 4009 und
597 3960 756 4010 demit
777 3957 1106 4009 verbundene
1124 3959 1287 4019 Stille,
1311 3959 1388 4010 als
1414 3959 1531 4009 Zei-

464 4025 622 4088 chen,
673 4028 795 4077 dass
827 4027 919 4077 der
950 4027 1154 4078 Redner
1185 4028 1268 4077 die
1292 4026 1533 4079 Gemiiter

467 4107 534 4141 zu
553 4093 744 4144 fesseln
758 4094 932 4145 weiss.
957 4093 1085 4155 135,
1113 4103 1205 4145 160.
1233 4093 1359 4145 Gell.
1377 4094 1441 4143 N.
1461 4095 1527 4145 A.

464 4157 513 4206 V
542 4157 596 4219 1,
622 4170 647 4207 5
687 4160 1097 4222 admirationem,
1148 4176 1280 4225 quae
1303 4162 1529 4212 maxima

1707 2432 1777 2475 34.
1803 2431 1977 2475 tantae
2000 2425 2450 2488 dissimilitudines,
2472 2431 2580 2475 tam
2596 2440 2711 2476 eer-

1642 2498 1726 2542 tae
1763 2501 1859 2543 etc.
1918 2494 1977 2542 In
2003 2492 2288 2559 derartigen
2323 2490 2713 2559 (steigernden)

1640 2558 2002 2623 Aufzfilungen
2046 2559 2175 2610 wird
2224 2561 2315 2611 das
2362 2561 2506 2612 verb.
2541 2562 2712 2613 subst.

1640 2624 1804 2689 (sunt)
1855 2627 1993 2676 nicht
2027 2628 2188 2677 selten
2211 2628 2565 2693 weggelassen
2602 2630 2714 2695 vgl.

1639 2695 1711 2744 III
1734 2691 1817 2756 84,
1844 2703 1936 2745 341.
1982 2695 2128 2759 fere,
2154 2692 2186 2761 S
2214 2694 2312 2746 153
2338 2697 2381 2745 Il
2411 2694 2491 2756 14,
2519 2705 2589 2746 61.
2621 2698 2716 2760 fa-

1638 2764 1825 2812 cultate
1850 2789 1914 2798 —
1941 2761 2069 2813 nach
2095 2763 2192 2812 den
2216 2761 2441 2815 hoheren
2468 2765 2593 2813 oder
2616 2779 2713 2830 ge·

1637 2830 1873 2894 ringeren
1921 2829 2236 2896 Leistungeu
2294 2830 2565 2883 innerhalb
2616 2833 2714 2883 des

1636 2897 1984 2947 betreffenden
2017 2912 2199 2962 genus.
2269 2914 2458 2964 genere
2506 2914 2579 2949 sc.
2628 2900 2715 2950 di-

1635 2963 1806 3027 cendi,
1832 2965 1916 3015 die
1943 2963 2154 3029 (hohere
2179 2965 2303 3015 oder
2321 2964 2555 3029 niedere)
2582 2965 2716 3017 Stil-

1636 3040 1854 3097 gattung
1876 3032 1987 3097 gibt
2012 3032 2111 3082 den
2135 3033 2363 3083 Masstab
2386 3033 2471 3083 fiir
2494 3034 2581 3084 die
2603 3034 2713 3085 Be-

1636 3099 1913 3166 urteilung‚
1937 3099 2033 3150 auf
2049 3101 2269 3150 welcher
2286 3101 2433 3151 Stul’e
2458 3102 2552 3152 der
2568 3102 2712 3153 Red-

1639 3182 1731 3217 ner
1754 3167 1908 3232 steht,
1936 3167 2077 3217 nicht
2100 3170 2181 3219 ab.

1707 3250 1848 3286 omne
1870 3238 2113 3287 laudatur
2140 3247 2237 3287 etc.
2261 3236 2404 3287 Brut.
2428 3235 2511 3296 55,
2538 3246 2618 3288 201
2654 3237 2712 3287 in

1635 3303 1783 3353 bonis
1820 3304 1990 3354 omnia
2034 3319 2167 3368 quae
2202 3319 2402 3355 summa
2437 3314 2561 3355 sunt
2594 3305 2713 3356 inre

1633 3370 1923 3421 laudantur.

1704 3456 2006 3519 discrepant
2037 3470 2081 3506 s.
2109 3456 2161 3506 d.
2188 3456 2306 3507 krit.
2331 3454 2572 3522 Anhang.

1704 3547 1774 3618 35ἱ
1810 3540 1985 3619 eodeni
2003 3541 2138 3602 ludo,
2164 3540 2212 3589 11
2233 3540 2318 3602 22,
2341 3548 2409 3602 94,
2434 3539 2545 3590 also
2572 3540 2713 3592 doch

1637 3621 1738 3655 una
1761 3614 2099 3658 institutione.

1705 3698 1772 3739 36.
1821 3693 1960 3755 quod
1989 3692 2194 3742 dicebat
2223 3691 2517 3748 Isocrates,
2562 3692 2712 3744 Brut.

1635 3754 1719 3816 56,
1742 3765 1820 3807 304
1855 3757 2021 3817 Quare
2042 3757 2141 3808 hoc
2158 3759 2379 3809 doctoris
2402 3759 2714 3825 intellegen-

1634 3826 1699 3874 tis
1726 3833 1805 3874 est
1834 3826 2034 3888 videre,
2084 3841 2183 3892 quo
2212 3826 2357 3890 ferat
2385 3834 2579 3877 nawa
2607 3842 2714 3879 m

1634 3907 1902 3959 quemque,
1940 3901 1992 3942 et
2023 3908 2085 3943 ea
2118 3894 2249 3944 duce
2272 3901 2498 3944 utentem
2521 3895 2600 3944 sic
2620 3895 2711 3945 in-

1634 3961 1862 4021 stituere,
1888 3969 1945 4011 ut
1969 3957 2246 4012 Isocratem
2269 3963 2323 4012 in
2347 3958 2596 4012 acerrimo
2620 3959 2709 4013 iii·

1631 4029 1783 4093 genio
1808 3998 2127 4095 Theopompi
2151 4039 2202 4079 et
2222 4029 2485 4081 lenissimo
2510 4029 2712 4095 Ephori

1630 4095 1829 4146 dixisse
1851 4096 2092 4147 traditum
2116 4105 2210 4158 est,
2234 4097 2379 4147 alteri
2403 4111 2462 4148 se
2484 4097 2712 4149 odaria

1630 4162 1891 4228 adhibere,
1914 4165 2060 4216 alteri
2080 4164 2274 4219 frenos.
2297 4165 2472 4226 Quint.
2493 4163 2611 4229 118,
2631 4174 2706 4218 11.

465 4229 571 4283 est,
599 4238 702 4274 non
723 4229 883 4277 verba
903 4241 1103 4336 parere,
1129 4229 1227 4279 sed
1246 4228 1523 4282 silentium.
1627 4229 1679 4280 X
1705 4228 1753 4292 1,
1778 4239 1847 4283 14.
