2930 4693
888 232 989 296 os
1029 230 1387 295 oum-ons
1426 231 1480 295 11
1522 231 1624 297 το.
1668 238 1788 293 281.
1823 240 1942 294 282.
2016 257 2029 268 -
2323 238 2531 324 ,αρτ

300 409 401 463 tor
430 401 629 483 Scipio
657 408 975 482 patronum
1004 419 1219 463 causae
1248 400 1427 464 dabat
1453 401 1751 483 hospitem
1781 421 1984 476 suum,
2025 402 2331 466 hominem
2359 404 2531 466 nobi-

302 485 449 557 lem,
481 486 587 549 sed
617 485 937 548 admodum
966 485 1237 548 stultum:
1290 486 1580 559 ‘Quaeso,
1622 488 1845 568 inquit,
1890 496 2160 567 praetor,
2192 488 2529 552 adversario

302 589 440 632 meo
469 571 545 632 da
571 573 751 633 istum
779 578 1128 652 patronum,
1163 570 1376 633 deinde
1407 573 1556 632 mihi
1584 573 1888 634 neminem
1919 572 2204 635 dederis?

470 655 707 717 Movent
732 654 834 718 illa
879 658 1057 717 etiam
1070 703 1086 727 ,
1130 674 1284 739 quae
1324 658 1666 718 coniectura
1708 656 2101 737 explanantur
2140 657 2319 737 longe
2359 657 2532 721 aliter

303 747 479 820 atque
509 747 672 812 sunt,
718 740 825 803 sed
855 750 1027 802 acute
1056 748 1230 822 atque
1260 743 1581 803 concinne:
1633 749 1727 813 ut,
1773 760 1908 804 cum
1941 742 2200 806 Scaurus
2228 751 2534 806 accusaret

300 823 589 887 Rutilium
618 824 903 898 ambitus,
947 844 1083 888 cum
1112 828 1241 908 ipse
1270 824 1480 888 consul
1509 832 1667 888 esset
1710 827 1932 899 sactus,
1978 826 2080 888 ille
2109 827 2411 909 repulsam
2437 836 2531 891 tu·

301 908 487 982 lisset,
520 916 581 971 et
608 913 673 972 in
701 911 829 972 eius
858 909 1074 973 tabulis
1095 911 1440 974 ostenderet
1467 911 1695 973 litteras
1720 911 1788 972 A.
1812 911 1875 973 F.
1898 912 1965 974 P.
1995 913 2067 974 R.
2096 911 2277 994 idque
2307 912 2534 976 diceret

304 1013 464 1067 esse,
526 1003 789 1057 Ac‘rtm
838 1002 1030 1057 FIDE
1086 1003 1347 1058 PUBLn
1383 1003 1710 1067 BUTILII,
1754 996 2009 1059 Rutilius
2049 1004 2275 1070 autem,
2323 1006 2533 1061 ANTE

301 1086 607 1142 macrim
659 1087 858 1142 Pos'r
916 1087 1309 1149 BELA'rlm,
1362 1081 1425 1143 C.
1473 1082 1716 1152 Canius,
1772 1100 1954 1162 eques
2007 1082 2341 1152 Romanus,
2393 1101 2531 1145 cum

300 1163 458 1226 Rufo
480 1164 730 1235 adesset,
763 1163 1071 1235 exclamat,
1102 1173 1382 1227 neutrum
1402 1164 1522 1226 illis
1542 1165 1756 1228 litteris
1778 1165 2087 1228 declarari.
2119 1166 2299 1239 ‘Quid
2322 1184 2470 1248 ergo
2480 1168 2529 1229 ‘l’

300 1250 495 1331 inquit
522 1250 799 1311 Scaurus,
860 1249 1186 1313 ‘Aemflius
1211 1252 1395 1312 Fecit
1421 1250 1725 1312 Flectitur
1752 1251 2075 1314 Rutilius?

301 1420 551 1482 virtus?

471 1334 766 1397 Ridentur
805 1336 983 1398 etiam
1014 1335 1443 1418 discrepantia:
1508 1335 1691 1408 ‘Quid
1730 1336 1872 1398 huic
1912 1335 2081 1399 abest
2129 1339 2247 1399 nisi
2285 1355 2388 1400 res
2427 1345 2488 1400 et
2501 1333 2584 1411 70
2595 1345 2695 1401 281

472 1504 639 1567 Bella
668 1505 847 1566 etiam
878 1513 969 1566 est
995 1504 1304 1568 familiaris
1331 1505 1723 1586 reprehensio
1752 1508 1921 1587 quasi
1950 1508 2235 1568 errantis:
2266 1513 2361 1579 ut,
2394 1524 2532 1570 cum

302 1589 635 1669 obiurgavit
654 1588 887 1652 Albium
909 1591 1183 1661 Granius,
1207 1590 1386 1671 quod,
1418 1609 1556 1652 cum
1586 1592 1714 1652 eius
1744 1589 1958 1651 tabulis
1978 1590 2261 1671 quiddam
2282 1590 2531 1654 Albucio

299 1674 619 1755 probatum
644 1673 966 1746 videretur,
999 1682 1059 1736 et
1086 1674 1253 1736 valde
1283 1673 1556 1737 absoluto
1590 1674 1869 1736 Scaevola
1896 1674 2185 1754 gauderet
2214 1694 2409 1756 neque
2437 1678 2530 1738 in-

300 1759 615 1839 tellegeret
643 1767 855 1821 contra
880 1777 1018 1821 suas
1046 1759 1276 1822 tabulas
1305 1778 1435 1821 esse
1462 1759 1808 1822 iudicatum.

469 1844 624 1906 Huic
652 1844 861 1905 similis
890 1853 982 1905 est
1009 1845 1186 1906 etiam
1217 1844 1542 1906 admonitio
1569 1846 1635 1906 in
1663 1844 1911 1906 consilio
1952 1844 2148 1907 dando
2188 1844 2526 1908 familiaris:
2556 1859 2661 1914 282

300 1927 397 2013 ut)
430 1946 564 1991 cum
594 1936 848 2008 patrono
876 1927 1061 1999 malo,
1094 1947 1230 1991 cum
1254 1947 1461 1993 vocem
1490 1930 1555 1991 in
1583 1929 1840 2033 dicendo
1866 1929 2212 2004 obtudisset,
2244 1930 2531 1995 suadebat

299 2130 680 2185 Rechtsanwalt
701 2134 777 2184 als
797 2134 985 2184 Patron
1010 2148 1102 2183 zur
1122 2131 1366 2199 Fiihrung

301 2204 471 2253 seiner
490 2199 655 2252 Sache
679 2217 761 2253 zu.
784 2226 854 2240 -—
875 2201 1118 2251 Welcher
1141 2200 1362 2267 Scipio

300 2270 411 2320 hier
433 2270 657 2335 gemeint
687 2270 782 2331 ist,
817 2269 946 2321 liisst
978 2268 1250 2329 sichnicht
1273 2271 1361 2321 be-

301 2339 559 2390 stimmen.

368 2407 609 2458 neminem
632 2408 864 2469 dederis,
899 2407 1037 2457 dann
1062 2406 1163 2456 bist
1186 2406 1257 2455 du
1280 2419 1365 2455 so-

200 2479 217 2492 ‘
300 2473 402 2523 fort
434 2474 526 2524 der
549 2471 699 2525 Miihe
728 2473 1050 2532 iiberhoben,
1084 2474 1183 2522 mir
1216 2474 1366 2522 einen

299 2541 486 2592 Patron
530 2543 877 2601 zuzuweisen3
928 2542 1066 2591 deun
1113 2540 1207 2591 der
1237 2540 1365 2590 wird

299 2609 399 2659 mir
450 2608 610 2661 sehon
666 2609 767 2659 den
812 2608 1027 2659 Process
1079 2622 1365 2673 gewonuen

298 2676 535 2728 macheu.
569 2676 715 2726 Verr.
734 2677 780 2726 11
803 2673 890 2735 62,
915 2683 987 2725 151
1013 2675 1079 2725 da
1101 2674 1226 2724 mihi
1249 2674 1364 2738 hoc,

297 2746 401 2795 iam
420 2745 513 2795 tibi
530 2744 801 2795 maximam
827 2751 1027 2809 partem
1049 2741 1364 2793 defensionis

296 2812 625 2879 praecideris.
675 2810 822 2861 Ovid.
846 2810 967 2861 fast.
991 2812 1014 2860 I
1041 2808 1105 2861 15
1140 2810 1207 2860 da
1238 2808 1363 2859 mihi

299 2890 351 2932 te
374 2879 662 2946 placidum,
710 2879 1018 2940 dederisque
1049 2877 1103 2928 iu
1138 2878 1362 2928 carmina

298 2950 455 3001 vires.
505 2946 713 2998 Schultz
735 2943 768 3013 S
793 2945 914 2998 325.
938 2946 1002 2998 A.
1026 2944 1077 2997 3.

364 3018 421 3067 ia
442 3016 551 3070 eius
571 3015 774 3066 tabulis.
812 3014 1034 3065 Scaurus
1065 3013 1236 3065 wollte
1267 3013 1362 3065 das

298 3086 351 3135 in
391 3083 610 3135 Rutilius
657 3081 952 3135 Geschiifts·
1003 3082 1126 3134 oder
1173 3081 1358 3133 Conto-

293 3150 526 3203 biichern
572 3147 630 3217 (S
662 3149 755 3214 97)
801 3149 1185 3217 vorgefundene
1217 3164 1358 3201 com·

296 3220 546 3286 pendium
577 3220 862 3285 scripturae
892 3219 969 3269 als
1002 3217 1361 3270 Beweismittel

298 3287 448 3339 daf‘ur
468 3285 759 3352 angesehen
784 3285 955 3336 haben
988 3283 1046 3351 (S
1067 3282 1215 3350 281),
1241 3285 1361 3336 dass

296 3355 520 3406 Rutilius
554 3353 844 3405 bestimmte
877 3353 1123 3404 Summeu
1166 3369 1232 3404 su
1264 3352 1358 3402 Be·

296 3421 817 3487 stechungszwecken
841 3422 1162 3486 angewiesen
1202 3418 1359 3471 habe:

298 3490 393 3541 auf
424 3489 597 3541 Credit
630 3489 721 3539 des
754 3489 846 3551 R„
893 3489 985 3539 der
1021 3489 1130 3540 also
1163 3487 1245 3539 fiir
1280 3488 1364 3539 die

302 3559 685 3623 Walausgaben
707 3565 801 3622 gut
821 3565 1025 3623 gesagt‚
1050 3557 1112 3607 R.
1138 3557 1260 3608 aber
1282 3570 1359 3606 er-

303 3627 467 3677 klarte
491 3626 574 3677 die
594 3624 913 3676 Buchstaben
941 3623 1142 3675 einfach
1164 3624 1241 3674 als
1265 3623 1360 3673 Be-

298 3694 759 3760 richtigungsnotiz
793 3693 885 3744 des
918 3692 1158 3744 Datums:
1203 3690 1364 3742 sehon

299 3762 473 3813 friiher
515 3761 848 3828 verausgabt‚
896 3761 1020 3812 aber
1067 3769 1170 3812 erst
1216 3766 1364 3810 unter

302 3831 470 3881 einem
492 3833 703 3897 spitern
726 3829 930 3880 Termin
957 3829 1304 3894 eingetragen.

369 3896 462 3962 70,
493 3907 590 3949 281.
625 3898 1004 3963 discrepantia,
1053 3912 1202 3948 wenn
1243 3910 1362 3947 man

299 3968 371 4016 im
392 3965 685 4017 Verhfiltnis
720 3981 785 4015 zu
810 3965 910 4015 den
935 3964 1362 4031 Anfangsworten

297 4034 352 4085 in
374 4030 873 4100 widersprechender
895 4033 1073 4085 Weiss
1105 4030 1362 4085 fortfahrt.

302 4102 475 4163 Quint.
500 4102 573 4153 VI
594 4100 654 4162 3,
689 4109 741 4152 84
782 4109 1016 4166 superest
1037 4116 1203 4167 genus
1226 4102 1366 4152 deci-

295 4172 481 4237 piendi
499 4172 786 4236 opinionem
816 4176 906 4221 aut
939 4170 1076 4220 dicta
1110 4169 1257 4219 aliter
1281 4170 1360 4219 in-

298 4239 593 4307 tellegeudi,
618 4252 749 4305 quae
772 4238 962 4290 suntin
983 4237 1119 4289 omni
1137 4236 1233 4287 bac
1251 4252 1360 4288 ma·

1464 2135 1593 2184 teria
1616 2134 1698 2185 vel
1719 2133 2096 2185 venustissima.
2133 2135 2454 2200 Inopinatum
2482 2145 2534 2185 et

1463 2216 1497 2251 a
1513 2203 1795 2253 lacessente
1812 2204 1935 2269 poni
1953 2202 2101 2265 solet,
2126 2203 2276 2267 quale
2294 2213 2374 2253 est
2391 2202 2533 2265 quod

1465 2269 1621 2321 refert
1645 2270 1845 2332 Cicero,
1894 2269 2027 2330 Quid
2057 2269 2180 2319 huic
2211 2271 2380 2329 abest,
2430 2271 2531 2320 nisi

1465 2354 1549 2389 res
1575 2349 1624 2388 et
1647 2338 1829 2389 virtus.
1865 2336 1968 2389 Der
1989 2337 2198 2404 Anfang
2220 2338 2426 2400 lautete,
2450 2336 2528 2387 als

1465 2406 1634 2457 wollte
1680 2420 1798 2455 man
1846 2419 2029 2471 sagene
2089 2407 2180 2457 der
2232 2407 2320 2456 hat
2375 2405 2530 2465 alles;

1470 2472 1630 2524 durch
1676 2474 1777 2524 den
1822 2472 2009 2524 Zusatz
2056 2488 2108 2523 ιι.
2143 2490 2185 2524 r.
2219 2484 2269 2523 et
2306 2490 2359 2524 v.
2406 2474 2531 2523 aber

1467 2541 1663 2591 kommt
1683 2540 1875 2606 gerade
1908 2540 2003 2591 das
2028 2541 2287 2606 Gegeuteil
2312 2541 2529 2599 heraus;

1465 2608 1599 2659 denn
1620 2622 1750 2659 wem
1770 2622 1856 2658 res
1881 2616 1931 2659 et
1954 2609 2115 2659 virtus
2140 2604 2267 2672 (alle
2283 2610 2532 2659 aussereu

1468 2693 1519 2727 u.
1540 2677 1752 2726 inneren
1778 2673 1959 2743 Giiter)
1986 2675 2236 2742 abgehen,
2262 2676 2380 2727 dem
2401 2674 2532 2726 fehlt

1468 2746 1596 2795 eben
1621 2743 1781 2793 Alles.

1516 2812 1800 2877 obiurgavit
1809 2818 1902 2863 etc.
1907 2849 1923 2874 ,
1934 2826 1989 2861 er
1999 2814 2195 2862 miisste
2208 2825 2308 2862 von
2317 2810 2531 2861 Rechts-

1460 2891 1644 2998 3232?
1658 2878 2530 3014 {tsfinmissffl'ffiffit

1462 3031 1593 3067 sem.
2031 3065 2048 3079 ,

1530 3083 1734 3135 Albium
1760 3083 1997 3136 Granum.
2044 3083 2115 3135 So'
2148 3084 2215 3134 ist
2248 3083 2528 3149 jedenfalls

1460 3157 1586 3203 statt
1608 3152 1697 3202 der
1714 3152 2060 3218 Vulgatlesart
2081 3152 2264 3203 Albius
2282 3151 2528 3202 Granium

1463 3220 1843 3340 ιιὲὲοὴῐεὶὶιειι.
1890 3219 2127 3270 Dieselbe
2150 3219 2529 3285 Wortstellung

1460 3289 1486 3338 Ι
1578 3324 1594 3349 ,
1619 3296 1716 3339 228.
2169 3327 2174 3334 .

1531 3356 1771 3415 Albucio,
1795 3355 1929 3405 Einl.
1954 3351 2024 3420 IS
2047 3352 2129 3416 14,
2147 3361 2239 3404 166.
2270 3353 2358 3404 Bei
2379 3352 2530 3417 jener

1463 3422 1699 3488 Anklage
1714 3421 1854 3474 hatte
1865 3422 2108 3474 Albucius
2126 3435 2219 3471 aus
2228 3420 2327 3470 den
2342 3420 2527 3471 Conto-

1464 3490 1691 3543 biichern
1736 3492 1877 3542 eines
1909 3490 2162 3555 gewissen
2195 3488 2375 3539 Albius
2412 3486 2529 3553 (der

1467 3568 1615 3610 sonat
1638 3558 1774 3609 nicht
1788 3559 1961 3609 weiter
1980 3557 2205 3607 bekannt
2227 3557 2313 3619 ist,
2335 3557 2458 3608 aber
2474 3555 2531 3606 in

1462 3625 1987 3678 freundschaftlichen
2027 3623 2415 3676 Verbaltnissen
2464 3639 2529 3673 zu

1467 3694 1685 3746 Scaivola
1707 3693 1992 3760 gestanden
2016 3692 2184 3744 haben
2206 3690 2353 3758 mag)
2378 3692 2528 3741 einen

1462 3762 1661 3813 Beweis
1682 3776 1852 3827 gegen
1876 3760 2093 3812 Scfivola
2114 3758 2469 3825 vorgebracht.

1532 3839 1627 3882 282.
1663 3845 1773 3880 acm
1795 3856 1861 3867 -
1892 3829 2180 3892 suadebat,
2215 3830 2249 3892 S
2275 3824 2375 3878 106
2408 3840 2529 3876 cum

1463 3924 1530 3937 —
1555 3897 1887 3959 defendebat,
1922 3900 1956 3962 s
1979 3896 2081 3948 304
2097 3910 2219 3947 cum
2250 3922 2316 3931 --
2350 3895 2528 3945 obiur-

1531 3966 1667 4018 bam.

1463 3980 1836 4093 gaabendium,
1870 4032 2047 4093 Quint.
2071 4032 2147 4082 XI
2168 4030 2230 4095 3,
2255 4040 2308 4082 20
2348 4028 2525 4080 fauces

1463 4108 1720 4152 tumentes
1742 4101 2063 4165 strangulant
2094 4114 2288 4163 vocem,
2314 4098 2527 4151 obtusae
2614 4140 2622 4146 .

1464 4171 1768 4233 obscurant,
1802 4170 1900 4219 wie
1921 4169 1990 4219 ib.
2019 4166 2084 4218 15
2107 4168 2242 4219 clara
2264 4182 2318 4218 u.
2344 4168 2526 4221 obtusa

1467 4251 1570 4288 vox
1595 4236 1704 4288 sich
1729 4235 2181 4305 entgegenstehen.
