2930 4693
298 1269 402 1323 253

428 239 553 305 186
1011 231 1111 293 DE
1153 227 1511 297 ORATORE
1551 227 1605 290 11
1647 225 1750 291 62.
1795 234 1918 289 252.
1948 233 2068 291 253.

429 403 702 473 stultum:
746 407 993 465 naturae
1035 399 1307 463 ridentur
1349 400 1548 480 ipsae;
1591 416 1739 480 quas
1776 414 2066 478 personas
2107 397 2330 477 agitare
2371 394 2655 469 solemus,

299 507 404 560 252
432 507 554 551 non
583 489 895 551 sustinere.
981 485 1246 549 Alterum
1279 502 1468 566 genus
1496 491 1586 545 est
1611 484 1938 546 imitatione
1968 480 2286 545 admodum
2314 480 2652 553 ridiculum,

418 574 539 637 sed
569 573 742 636 nobis
769 580 999 635 tantum
1030 572 1168 633 licet
1206 570 1411 632 furtim
1425 616 1443 641 ,
1487 570 1539 630 si
1578 567 1832 649 quando,
1877 575 1938 630 et
1976 569 2228 639 cursim;
2273 566 2447 629 aliter
2494 568 2656 628 enim

427 660 674 721 minime
715 666 804 721 est
843 655 1123 727 liberale;
1164 657 1406 718 tertium
1422 702 1438 726 ,
1493 655 1614 716 oris
1656 653 2022 735 depravatio,
2066 670 2188 715 non
2230 650 2408 732 digna
2447 650 2654 721 nobis;

428 751 723 825 quartum,
754 742 1105 814 obscenitas,
1147 760 1269 804 non
1297 738 1491 802 solum
1519 757 1642 801 non
1686 739 1819 801 foro
1862 738 2059 817 digna,
2103 736 2210 800 sed
2251 738 2347 799 vix
2387 738 2657 799 convivio

427 828 772 892 liberorum.
859 827 1151 890 Detractis
1192 827 1373 905 igitur
1417 832 1506 886 tot
1546 823 1727 887 rebus
1768 842 1843 886 ex
1883 824 2001 884 hoc
2040 823 2301 885 oratorio
2330 821 2463 885 loco
2495 823 2655 884 face-

427 916 545 976 tiae
584 913 849 994 reliquae
890 920 1046 985 sunt,
1090 930 1241 993 quae
1270 911 1463 972 autin
1489 928 1575 982 re,
1618 917 1685 972 ut
1714 917 1849 972 ante
1888 908 2074 985 divisi,
2115 909 2341 988 positae
2381 905 2659 969 videntur

429 1017 560 1074 esse
590 1005 692 1061 aut
717 1000 778 1060 in
809 996 1009 1059 verbo.
1098 998 1247 1059 Nam
1277 995 1452 1077 quod,
1485 994 1953 1076 quibuscumque
1979 992 2179 1055 verbis
2208 992 2448 1064 dixeris,
2493 993 2654 1054 face-

430 1095 557 1146 tum
586 1091 787 1146 tamen
817 1089 922 1154 est,
954 1101 1023 1144 re
1052 1083 1422 1151 continetur;
1468 1079 1629 1161 quod
1670 1081 1909 1142 mutatis
1948 1076 2143 1141 verbis
2190 1077 2376 1141 salem
2418 1078 2654 1149 amittit,

428 1170 492 1229 in
521 1168 719 1230 verbis
746 1166 928 1229 habet
953 1165 1220 1247 leporem
1252 1183 1511 1228 omnem.
2364 1170 2372 1185 ‘

600 1252 892 1332 Ambigua
921 1253 1150 1315 suntin
1176 1252 1385 1333 primis
1415 1257 1586 1313 acuta
1609 1256 1801 1331 ,atque
1843 1251 1907 1311 in
1947 1247 2130 1311 verbo
2167 1249 2377 1329 posita,
2424 1265 2549 1325 non
2591 1248 2660 1310 in

427 1356 527 1408 re;
571 1337 679 1399 sed
707 1355 826 1399 non
858 1355 1037 1417 saepe
1065 1354 1346 1417 magnum
1378 1337 1567 1398 risum
1594 1342 1864 1407 movent;
1908 1336 2097 1413 magis
2126 1343 2193 1397 ut
2219 1332 2376 1395 belle
2408 1340 2470 1395 et
2496 1332 2654 1394 litte-

427 1430 557 1485 rate
587 1422 741 1485 dicta
767 1422 1111 1485 laudantur:
1143 1428 1210 1484 ut
1227 1423 1294 1483 in
1314 1420 1484 1484 illum
1506 1421 1745 1491 Titium,
1777 1421 1881 1501 qui
1902 1439 2039 1482 cum
2061 1419 2324 1482 studiose
2345 1418 2466 1499 pila
2488 1417 2660 1480 lude-

427 1515 522 1570 ret
550 1515 611 1569 et
637 1509 796 1570 idem
827 1509 995 1587 signa
1025 1525 1194 1570 sacra
1223 1514 1405 1569 noctu
1433 1506 1712 1587 frangere
1742 1512 2052 1586 putaretur
2080 1503 2485 1585 gregalesque,
2519 1521 2657 1566 cum

426 1595 489 1654 in
531 1611 807 1673 campum
846 1611 968 1655 non
1012 1595 1286 1664 venisset,
1330 1593 1725 1673 requirerent,
1775 1592 2074 1654 excusavit
2101 1589 2291 1669 Vespa
2320 1589 2655 1660 Terentius,

427 1679 586 1757 quod
618 1697 752 1740 eum
787 1677 1134 1740 ‘brachium
1163 1678 1450 1758 fregisse'
1484 1677 1739 1747 diceret;
1785 1684 1851 1739 ut
1876 1675 2023 1738 illud
2051 1675 2331 1747 Africani,
2377 1673 2537 1755 quod
2568 1681 2662 1735 est

428 1763 580 1842 apud
611 1762 931 1826 Lucilium:

611 1848 798 1919 Quid?
849 1848 1080 1920 Decius,
1112 1846 1402 1911 Nuculam
1431 1866 1510 1910 an
1540 1847 1838 1912 confixum
1866 1848 1953 1908 vis
1982 1845 2223 1910 facere?
2251 1846 2473 1927 inquit;

403 2088 412 2097 '
492 2091 733 2145 naturae,
1591 2083 1712 2152 Vgl.
1731 2082 1860 2136 auch
1883 2085 1949 2136 de
1968 2084 2055 2138 off.
2075 2085 2099 2134 I
2121 2082 2206 2148 40,
2231 2091 2306 2136 144
2328 2091 2478 2151 turpe
2501 2062 2662 2135 eat·—

782 2079 816 2148 S
849 2082 976 2143 279,
1016 2098 1136 2134 man
1169 2083 1307 2136 lacht
1340 2085 1490 2137 dabei

426 2152 566 2203 nicht
598 2155 724 2203 iiber
758 2151 857 2202 den
892 2150 1061 2215 witz,
1105 2153 1331 2205 aondern
1364 2155 1491 2205 iiber
1591 2154 1648 2203 in
1669 2168 1726 2204 re
1757 2168 1938 2205 severa
1968 2154 2195 2206 convivio
2219 2156 2376 2219 diana
2408 2159 2498 2203 aut
2526 2152 2660 2204 deli-

425 2222 528 2272 den
560 2219 857 2273 narrischen
890 2220 1032 2272 Kauz
1067 2220 1246 2275 selbst.
1280 2224 1490 2288 —·a,qz‘-

405 2297 559 2351 tare,
585 2286 618 2356 S
640 2287 760 2341 237.

424 2424 457 2493 S
480 2368 586 2477 22322.
610 2360 729 2410 licet
750 2373 825 2410 sc.
850 2357 948 2410 hoc
963 2374 1153 2425 genere
1170 2361 1263 2413 uti.
1293 2359 1491 2424 furtim,

477 2496 675 2548 minime
691 2502 772 2548 eat
787 2496 1013 2548 liberale.
1048 2495 1165 2563 Vgl.
1187 2496 1252 2547 de
1269 2495 1356 2566 off.
1371 2493 1491 2560 129,

424 2572 500 2616 104
522 2563 716 2629 duplex
739 2564 944 2616 omnino
970 2571 1050 2616 est
1068 2565 1274 2616 iocandi
1295 2579 1489 2630 genus:

422 2649 583 2685 unum
598 2633 861 2696 illiberale,
877 2634 1134 2700 petulans,
1158 2633 1489 2701 flagitiosum,

423 2703 727 2765 obscenum,
775 2702 990 2753 alterum
1045 2703 1281 2768 elegans,
1336 2702 1491 2753 urba·

421 2785 571 2833 num,
599 2770 925 2837 ingeniosum
957 2768 1310 2836 (ingenuum),
1347 2770 1489 2820 face-

421 2844 556 2897 tum3
595 2852 695 2900 quo
729 2849 917 2903 genere·
951 2853 1053 2888 non
1086 2839 1241 2889 modo
1273 2837 1488 2889 Plautus

421 2914 597 2955 noster
613 2905 951 2956 etAtticorum
976 2906 1184 2969 antiqua
1206 2906 1487 2966 comoedia,

422 2973 517 3022 sed
551 2973 704 3022 etiam
739 2971 1165 3038 philosophorum
1199 2973 1484 3025 Socratico-

420 3055 535 3090 rum
557 3040 671 3090 libri
693 3039 866 3090 rei'erti
887 3049 1033 3101 sunt3
1067 3040 1329 3103 multaque
1351 3040 1489 3091 mul-

419 3117 590 3159 torum
612 3108 776 3158 facete
799 3107 962 3172 dicta3
988 3115 1048 3159 ut
1063 3122 1142 3175 ea,
1169 3122 1299 3173 quae
1314 3123 1346 3158 a
1362 3124 1489 3160 sene

424 3176 616 3228 Catone
649 3176 860 3227 collecta
897 3185 1019 3227 sunt
1060 3176 1115 3240 (S
1150 3176 1307 3240 271),
1356 3190 1489 3241 quae

419 3251 606 3295 vocant
630 3234 1084 3312 ἀποφθέγματα.
1125 3244 1308 3295 Facilis
1332 3245 1490 3310 igitur

420 3321 500 3363 est
555 3313 813 3364 distinctio
868 3315 1076 3380 ingenui
1123 3322 1174 3364 et
1224 3313 1491 3364 illiberalis

419 3382 536 3432 iod.
590 3381 734 3432 Alter
760 3389 860 3445 est,
897 3383 944 3432 si
971 3392 1201 3449 tempore
1223 3382 1305 3443 fit,
1346 3390 1399 3433 ut
1422 3381 1492 3433 sit

418 3450 652 3501 remissio
689 3450 872 3513 animi,
908 3450 1131 3516 ingenuo
1167 3449 1374 3500 homine
1407 3449 1492 3499 di-

418 3532 574 3582 gnus,
597 3518 725 3568 alter
740 3532 807 3568 ne
823 3517 982 3570 libero
1001 3518 1225 3583 quidem,
1254 3519 1301 3569 si
1318 3532 1488 3569 rerum

416 3583 722 3651 turpitudini
767 3585 1038 3637 adhibetur
1082 3587 1356 3638 verborum
1392 3586 1490 3637 ob-

417 3653 657 3705 scenitas.

486 3723 712 3773 convt‘vio
745 3722 1041 3782 liberorum,
1089 3735 1169 3773 wo
1213 3724 1297 3772 ein
1332 3721 1490 3772 freier-

417 3789 528 3839 Ton
567 3788 798 3841 herrscht
844 3787 1076 3855 (libertas
1123 3789 1368 3852 loquendi
1415 3790 1486 3839 im

418 3856 709 3923 Gegensatz
742 3873 842 3910 von
879 3857 1211 3919 verecundia3
1253 3858 1322 3908 ad
1344 3858 1485 3909 Fam.

416 3924 493 3975 IX
513 3927 599 3988 22,
626 3925 696 3990 1),
732 3926 877 3976 liberi
908 3927 978 3977 ist
1011 3925 1232 3977 nfimlich
1255 3924 1365 3977 hier
1386 3925 1489 3978 wol

418 3992 562 4043 nicht
594 3994 672 4043 als
699 3993 985 4060 Gegensatz
1017 4008 1121 4045 von
1156 3995 1316 4058 servi,
1360 4009 1486 4045 son-

417 4060 541 4110 dern
590 4075 693 4111 von
739 4063 1017 4113 verecundi
1075 4079 1140 4113 zu
1187 4060 1485 4114 verstehen:

417 4126 617 4187 solche‚
667 4130 752 4179 die
784 4130 894 4179 sich
925 4131 1008 4181 bei
1042 4129 1363 4195 dergleichen
1387 4129 1488 4182 Ge-

417 4193 736 4258 legenheiten
771 4197 946 4263 ziigel·
984 4198 1093 4249 und
1116 4197 1484 4249 achrankenlos

415 4260 508 4310 der
548 4263 996 4327 ausgeiassensten
1036 4265 1163 4316 Lust
1203 4265 1480 4332 hingeben.

1593 2229 1761 2272 catum
1784 2222 2004 2284 aliquem
2026 2221 2213 2272 inferre
2235 2234 2542 2272 sermonem.

1661 2305 1735 2341 ex
1756 2289 1853 2341 hoc
1876 2291 2122 2354 oratorio,
2150 2290 2203 2341 d.
2228 2288 2281 2341 h.
2304 2303 2400 2341 aue
2420 2290 2536 2341 dem
2554 2289 2659 2339 Ka-

1592 2359 1716 2425 pitel
1743 2374 1859 2410 vom
1881 2357 2039 2421 Witz,
2065 2360 2159 2410 wie
2181 2358 2266 2409 ihu
2293 2360 2385 2411 der
2407 2359 2664 2410 Redner

1592 2427 1850 2479 beweiseu
1872 2427 1987 2480 soll.

1656 2497 1884 2561 facetiae
1917 2522 1983 2533 —-
2014 2497 2066 2545 in
2104 2496 2219 2547 dem
2246 2494 2519 2562 eigentlich
2542 2509 2662 2546 ora-

1592 2563 1847 2615 torischen
1875 2563 2021 2628 Sinn,
2044 2565 2077 2628 S
2100 2562 2220 2618 218.
2259 2564 2342 2616 Or.
2367 2563 2452 2625 26,
2475 2573 2528 2615 90
2561 2563 2662 2614 De-

1593 2631 1891 2684 mosthenes
1942 2659 2008 2670 —
2062 2647 2163 2683 non
2208 2642 2316 2684 tam
2362 2633 2515 2684 dicax
2559 2632 2662 2682 fuit

1591 2715 1746 2766 quam
1766 2701 1987 2763 facetum
2013 2708 2093 2753 est
2113 2708 2282 2753 autem
2303 2701 2431 2753 illud
2451 2701 2664 2752 acrioris

1591 2770 1804 2836 ingenii,
1827 2768 1925 2820 hoc
1946 2770 2153 2822 maioris
2178 2769 2317 2824 artis.

1658 2846 1751 2889 253.
1787 2838 1932 2897 belle,
1958 2837 2081 2901 fain,
2105 2837 2394 2902 (thermum,
2428 2837 2657 2899 reizend,

1587 2905 1622 2967 θ
1638 2903 1758 2956 238.
1787 2907 1857 2956 ΙΙΙ
1872 2902 1956 2969 26,
1977 2914 2069 2958 101.
2095 2908 2339 2970 litterate,
2364 2903 2655 2972 geistreich‚

1592 2973 1794 3039 elegant
1824 2975 1920 3024 wie
1952 2973 2092 3025 Brut.
2127 2971 2221 3035 28,
2259 2984 2335 3027 108
2377 2975 2440 3026 L.
2471 2974 2660 3025 Furius

1590 3041 1765 3092 Philus
1789 3044 2012 3108 perbene
2035 3042 2193 3095 latine
2213 3043 2354 3108 loqui
2378 3043 2658 3111 putabatur

1590 3109 1959 3173 litteratiusque
1992 3125 2144 3175 quam
2177 3112 2352 3165 ceteri.
2413 3110 2557 3162 Suet.
2591 3110 2660 3161 de

1590 3191 1803 3243 gramm.
1827 3178 1887 3228 4:
1918 3178 2183 3230 Cornelius
2207 3178 2381 3246 Nepos
2405 3179 2657 3229 litteratos

1592 3245 1798 3310 quidem
1831 3248 1987 3312 vulgo
2020 3247 2270 3314 appellari
2301 3248 2373 3298 ait
2408 3262 2526 3309 εοε,
2568 3246 2659 3311 qui

1593 3313 1862 3380 diligenter
1883 3315 2076 3377 aliquid
2100 3325 2151 3367 et
2171 3324 2320 3368 acute
2336 3317 2658 3379 scienterque

1591 3382 1795 3448 possint
1816 3390 1904 3433 aut
1928 3384 2096 3434 dicere
2119 3393 2206 3434 aut
2227 3384 2466 3437 scribere.

1662 3451 1715 3501 ἰπ
1737 3452 1873 3502 illum
1900 3451 2107 3513 Reium,
2144 3451 2276 3506 Einl.
2304 3455 2326 3503 I
2362 3453 2395 3516 S
2432 3451 2525 3515 11,
2560 3460 2655 3502 118.

1591 3519 1720 3569 Eine
1730 3518 1919 3570 andere
1927 3519 2107 3571 Lesart
2122 3520 2217 3571 ist:
2236 3520 2366 3571 illud
2380 3522 2433 3571 in
2446 3520 2657 3573 Titium.

1659 3585 1917 3639 braclziwm
1947 3614 2016 3624 —
2048 3603 2266 3640 suumne
2308 3604 2373 3640 an
2417 3589 2656 3652 cuiquam

1592 3656 1803 3707 deorum
1846 3656 1970 3708 liess
2004 3655 2114 3706 aioh
2158 3657 2307 3708 dabei
2345 3657 2551 3722 frageng
2589 3682 2657 3693 -

1592 3724 1706 3775 eine
1723 3724 2061 3791 Randglosse,
2088 3724 2171 3775 die
2192 3725 2262 3774 im
2280 3725 2387 3776 Erl.
2404 3728 2451 3777 11
2473 3726 2526 3775 in
2552 3725 2654 3776 den

1590 3792 1721 3843 Text
1743 3794 2138 3858 fibergegangen
2162 3793 2246 3844 ist.

1657 3859 1824 3921 Quid?
1867 3867 1964 3911 etc.
2010 3860 2195 3912 Worin
2228 3859 2340 3911 hier
2373 3860 2459 3911 die
2491 3861 2650 3911 zwet-

1591 3928 1889 3993 deutigkeit,
1914 3928 2024 3980 also
2048 3928 2131 3979 die
2156 3926 2456 3996 eigentliche
2471 3928 2656 3979 Pointe

1592 3996 1684 4046 des
1718 3995 1917 4046 Witzea
1949 3996 2097 4063 liegt,
2144 3998 2212 4048 ist
2250 3996 2413 4062 viillig
2444 3996 2653 4057 dunkel,

1587 4063 2653 4199 ΐᾶἱῧῖἓέἓὲὲῖθὲέἳὲῗ.ᾃῖῗῖῗςῖἓὲιζ

1585 4213 1651 4249 an
1680 4199 1773 4250 das
1802 4199 2046 4267 Nusspiel
2070 4201 2192 4251 oder
2214 4214 2279 4250 an
2305 4202 2421 4250 eine
2438 4199 2653 4265 eigends

1586 4268 1896 4319 zubereitete
1919 4268 2100 4335 Speise
2124 4268 2328 4320 denken
2353 4269 2421 4318 im
2450 4267 2652 4334 Gegen-
