2930 4693
1943 140 1955 175 l

423 267 550 334 158
847 289 855 297 ·
994 263 1094 327 DE
1135 262 1490 326 ORATORE
1528 261 1583 325 11
1622 262 1723 324 44.
1768 268 2069 323 lea—186.

423 434 691 516 pietatis,
723 433 877 513 grati
906 433 1111 504 animi,
1144 450 1266 495 non
1296 433 1644 513 appetentis,
1678 449 1795 493 non
1827 431 1978 493 avidi
2005 433 2174 511 signa
2201 432 2475 513 proferre
2505 451 2648 514 per-

426 517 573 580 utile
603 524 720 589 est3
754 536 940 598 eaque
970 519 1196 589 omnia,
1229 536 1378 597 quae
1407 516 1760 598 proborum,
1793 517 2212 589 demissorum,
2245 536 2366 579 non
2397 520 2644 590 acrium,

426 621 550 664 non
578 604 1004 683 pertinacium,
1058 619 1178 663 non
1227 601 1645 682 litigiosorum,
1699 620 1819 663 non
1861 601 2209 664 acerborum
2261 610 2425 673 sunt,
2476 601 2648 665 valde

427 686 901 755 benevolentiam
931 685 1249 748 conciliant
1277 685 1728 767 abalienantque
1757 685 1832 748 ab
1865 688 1976 756 eiS,
2024 688 2084 747 in
2116 687 2328 767 quibus
2358 688 2506 749 haec
2535 689 2648 748 mi-

430 789 542 833 nus
564 779 719 834 sunt.
764 772 967 853 ltaque
988 770 1194 833 eadem
1219 772 1433 833 suntin
1456 771 1825 833 adversarios
1849 790 1920 832 ex
1944 773 2239 833 contrario
2263 772 2647 833 conferenda.

298 862 402 917 183
432 856 551 918 Sed
579 874 768 936 genus
797 857 912 918 hoc
943 864 1127 918 totum
1159 857 1441 918 orationis
1468 857 1530 916 in
1563 858 1648 918 eis
1675 857 1869 917 causis
1898 854 2155 927 excellit,
2201 857 2265 917 in
2295 856 2508 936 quibus
2537 858 2650 918 mi-

427 959 542 1003 nus
567 948 765 1021 potest
790 940 1147 1002 inflammari
1175 942 1405 1003 animus
1432 940 1646 1004 iudicis
1675 942 1798 1003 acri
1827 948 1886 1001 et
1912 941 2245 1002 vehementi
2273 941 2526 1021 quadam
2555 942 2652 1001 in-

428 1028 726 1088 citatione.
787 1025 920 1086 Non
950 1026 1107 1086 enim
1138 1043 1374 1106 semper
1404 1025 1574 1087 fortis
1602 1027 1792 1087 oratio
1821 1027 2146 1106 quaeritur,
2179 1025 2282 1086 sed
2314 1044 2494 1107 saepe
2524 1025 2652 1106 pla-

430 1110 591 1180 cida,
625 1111 951 1181 summissa,
982 1108 1152 1180 lenis,
1185 1128 1335 1191 quae
1365 1110 1620 1172 maxime
1652 1109 2026 1172 commendat
2053 1127 2206 1172 reos.
2264 1110 2422 1172 Reos
2450 1117 2653 1172 autem

429 1192 662 1275 appello
693 1211 814 1254 non
844 1212 944 1255 eos
972 1193 1177 1266 modo,
1229 1195 1332 1275 qui
1371 1203 1729 1274 arguuntur,
1772 1194 1876 1256 sed
1917 1213 2150 1264 omnes,
2194 1214 2445 1276 quorum
2477 1195 2552 1255 de
2581 1213 2652 1256 re

298 1285 404 1339 184
431 1279 818 1358 disceptatum
871 1281 957 1339 sic
1001 1281 1159 1340 enim
1199 1278 1336 1341 olim
1370 1278 1780 1360 loquebantur.
1852 1279 2077 1340 Horum
2105 1280 2284 1359 igitur
2315 1281 2651 1359 exprimere

428 1380 629 1425 mores
658 1364 925 1425 oratione
953 1365 1167 1434 iustos,
1199 1365 1483 1443 integros,
1518 1363 1840 1444 religiosos,
1872 1363 2127 1434 timidos,
2160 1365 2530 1444 perferentes
2556 1365 2650 1425 in·

426 1448 717 1509 iux-iarum
745 1451 964 1510 mirum
994 1448 1270 1529 quiddam
1302 1447 1484 1520 valet;
1538 1457 1599 1510 et
1639 1450 1753 1511 hoc
1794 1447 1888 1509 vel
1924 1450 1988 1509 in
2031 1449 2337 1529 principiis
2369 1447 2458 1509 vel
2485 1450 2549 1509 in
2579 1467 2649 1509 re

430 1532 725 1594 narranda
755 1531 847 1594 vel
875 1534 938 1593 in
965 1532 1303 1614 perorando
1330 1540 1556 1595 tantam
1587 1532 1766 1595 habet
1787 1535 1922 1603 vim,
1956 1534 2008 1594 si
2037 1541 2126 1594 est
2148 1535 2402 1595 suaviter
2433 1541 2652 1594 etcum

430 1635 609 1679 sensu
637 1625 979 1690 tractatum,
1023 1626 1089 1680 ut
1117 1636 1294 1698 saepe
1324 1616 1456 1699 plus
1485 1636 1659 1699 quam
1691 1636 1865 1679 causa
1893 1617 2099 1679 valeat.
2171 1617 2425 1679 Tantum
2454 1625 2651 1679 autem

430 1701 685 1764 efficitur
713 1721 892 1764 sensu
921 1702 1177 1784 quodam
1208 1721 1276 1764 ac
1307 1705 1535 1779 ratione
1567 1702 1829 1771 dicendi,
1872 1710 1934 1765 ut
1975 1704 2144 1782 quasi
2171 1721 2370 1764 mores
2398 1703 2654 1764 oratoris

430 1786 673 1866 effingat
702 1789 910 1848 oratio.
991 1788 1227 1849 Genere
1255 1788 1414 1848 enim
1442 1787 1696 1867 quodam
1728 1788 2150 1849 sententiarum
2184 1795 2242 1849 et
2271 1805 2492 1867 genere
2523 1805 2654 1847 ver-

428 1869 664 1943 borum,
697 1870 957 1933 adhibita
989 1873 1165 1932 etiam
1196 1873 1426 1933 actione
1455 1871 1576 1933 leni
1606 1869 2062 1952 facilitatemque
2085 1872 2441 1951 significanti
2471 1871 2654 1932 effici-

430 1962 559 2028 tur,
590 1962 657 2017 ut
685 1955 886 2036 probi,
919 1963 985 2016 ut
1017 1955 1170 2016 bene
1198 1958 1440 2027 morati,
1474 1956 1709 2018 ut‘boni
1736 1951 1847 2016 viri
1876 1975 2003 2018 esse
2033 1955 2359 2018 videantur.

256 2034 461 2109 44185
601 2040 751 2101 Huic
780 2048 976 2102 autem
1007 2047 1097 2102 est
1126 2039 1221 2101 illa
1251 2040 1451 2121 dispar
1487 2040 1760 2102 adiuncta
1801 2044 1953 2102 ratio
1983 2043 2293 2112 orationis,
2346 2059 2498 2121 quae
2540 2038 2653 2100 alio

434 2124 688 2206 quodam
722 2142 943 2205 genere
973 2132 1205 2186 mentes
1231 2125 1495 2187 iudicum
1522 2134 1830 2206 permovet
1858 2123 2222 2206 impellitque
2241 2173 2257 2197 ,
2292 2133 2358 2187 ut
2385 2132 2486 2187 aut
2514 2124 2656 2186 ode-

431 2210 556 2271 rint
597 2216 698 2272 aut
737 2208 999 2288 diligant,
1041 2217 1142 2271 aut
1169 2209 1470 2271 invideant
1498 2217 1599 2271 aut
1627 2209 1849 2273 salvum
1881 2210 2076 2280 velint,
2121 2217 2221 2271 aut
2261 2216 2528 2272 metuant
2557 2215 2659 2270 aut

433 2301 704 2375 sperent,
759 2301 860 2356 aut
900 2296 1142 2376 cupiant
1168 2301 1281 2357 -aut
1309 2294 1696 2366 abhorreant,
1751 2303 1851 2357 aut
1878 2293 2173 2357 laetentur
2203 2301 2302 2356 aut
2332 2299 2653 2363 maereant,

434 2387 537 2441 aut
563 2381 958 2441 misereantur
986 2387 1087 2441 aut
1114 2381 1329 2458 punire
1356 2378 1540 2441 velint
1568 2388 1668 2442 aut
1697 2380 1769 2441 ad
1802 2398 1902 2442 eos
1931 2387 2126 2441 motus
2168 2379 2562 2448 deducantur,
2606 2379 2657 2439 si

437 2466 540 2544 qui
576 2465 812 2525 finitimi
852 2471 990 2526 sunt
1031 2471 1090 2525 et
1128 2461 1447 2545 propinqui
1488 2465 1582 2525 his
1612 2484 1680 2526 ac
1710 2462 1927 2527 talibus
1956 2466 2137 2525 animi
2165 2462 2654 2544 permotionibus.

304 2550 409 2605 186
435 2550 626 2630 Atque
654 2547 799 2611 illud
829 2549 1151 2629 optandum
1183 2557 1272 2610 est
1301 2550 1552 2622 oratori,
1587 2557 1653 2611 ut
1682 2548 1935 2630 aliquam
1965 2550 2400 2629 permotionem
2427 2550 2656 2609 animo·

432 2653 570 2696 rum
600 2652 705 2696 sua
734 2643 945 2715 sponte
974 2635 1088 2714 ipsi
1117 2634 1388 2696 adferant
1418 2634 1492 2696 ad
1523 2653 1759 2696 causam
1789 2633 2016 2695 iudices
2041 2633 2114 2695 ad
2137 2632 2217 2704 id,
2249 2633 2406 2713 quod
2437 2631 2658 2694 utilitas

434 2721 688 2781 oratoris
725 2720 902 2790 feret,
957 2719 1481 2780 accommodatam.
1555 2718 1810 2781 Facilius
1839 2726 1929 2781 est
1971 2720 2127 2779 enim
2170 2725 2540 2787 currentem,
2593 2723 2660 2778 ut

437 2806 629 2874 aiunt,
673 2804 925 2866 incitare
957 2822 1133 2886 quam
1164 2822 1540 2865 commovere
1571 2803 1967 2883 languentem.
2042 2803 2145 2863 Sin
2176 2802 2233 2863 id
2266 2811 2367 2864 aut
2396 2819 2516 2862 non
2548 2802 2659 2862 erit

435 2894 538 2949 aut
566 2889 682 2949 erit
708 2886 1037 2958 obscurius,
1069 2889 1221 2949 sicut
1252 2887 1484 2949 medico
1514 2887 1800 2968 diligenti,
1831 2888 2175 2968 priusquam
2205 2894 2454 2948 conetur
2479 2903 2657 2964 aegro

435 2971 720 3034 adhibere
750 2971 1136 3043 medicinam,
1191 2971 1546 3034 nonsolum
1586 2971 1832 3034 morbus
1873 2974 2028 3044 eine,
2081 2973 2178 3034 cui
2216 2970 2445 3033 mederi
2484 2969 2656 3041 volet,

434 3056 542 3118 sed
572 3057 748 3119 etiam
781 3056 1145 3118 consuetudo
1176 3055 1422 3119 valentis
1464 3065 1524 3118 et
1561 3064 1771 3118 natura
1803 3059 2071 3136 corporis
2099 3055 2512 3137 cognoscenda
2543 3060 2656 3115 est:

433 3143 521 3204 sic
563 3141 837 3222 equidem
880 3158 1016 3203 cum
1058 3141 1373 3222 aggredior
1415 3142 1482 3203 in
1522 3142 1765 3223 ancipiti
1807 3159 1982 3203 causa
2025 3149 2084 3202 et
2125 3142 2289 3221 gravi
2328 3139 2400 3201 ad
2432 3141 2661 3201 animos

502 3336 598 3380 18³.
631 3342 792 3395 aeuus
814 3327 909 3379 Ῑιοο
942 3337 1037 3378 etc.
1076 3327 1157 3379 Or.
1184 3325 1279 3389 37,
1316 3335 1409 3380 128.
1454 3342 1499 3379 s.
1602 3320 1810 3379 λέσθαι
1835 3318 1942 3392 τὴν
1967 3317 2161 3391 φύσιν,
2188 3318 2575 3444 σώματοςὶιὲν
2598 3316 2662 3376 ἐν

432 3397 468 3459 5
491 3395 610 3448 114.
659 3396 824 3452 Reos,
849 3397 882 3457 S
905 3393 1022 3446 321.
1602 3393 1672 3461 τῇ
1693 3386 1874 3462 ἑτέρᾳ,
1900 3394 2093 3462 ψυχῆς
2118 3385 2177 3446 δ’
2208 3386 2270 3445 ἐν
2294 3392 2362 3461 τῇ
2387 3386 2447 3445 ἔτ
2514 3409 2580 3460 ᾳ,
2609 3386 2666 3444 εἰ

502 3471 596 3515 184.
626 3464 930 3528 facilitatem
949 3464 1272 3529 significanti,
1301 3462 1393 3513 der
1416 3462 1500 3516 die
1601 3457 1823 3529 μέλλεις
1847 3455 1926 3529 μὴ
1951 3460 2115 3528 τριβῇ
2138 3456 2318 3528 μόνον
2341 3458 2441 3512 καὶ
2495 3474 2663 3527 nnat·

435 3531 613 3582 iuuere
636 3530 1008 3596 Gutmiitigkeit
1030 3533 1217 3581 verrat.
1601 3528 1717 3597 ρία,
1747 3522 1889 3581 ἄλλα
1902 3525 2075 3607 ιτέχνῃ
2094 3527 2171 3594 τῷ
2189 3524 2295 3595 μὲν
2320 3544 2362 3593 φ
2377 3521 2415 3579 οἱ
2427 3545 2462 3608 ρ
2471 3545 2510 3594 μ
2524 3543 2563 3577 α
2576 3544 2611 3579 τι
2623 3543 2661 3579 α

464 3631 471 3638 ·
501 3599 596 3661 44,
645 3607 742 3650 18⁸.
798 3605 1083 3650 currentem
1126 3601 1372 3658 incitare,
1431 3598 1500 3649 ad
1600 3595 1702 3650 καὶ
1736 3613 1959 3677 τροφην
1990 3592 2401 3662 προσφέρων
2432 3595 2663 3674 υγζειαν

433 3667 608 3728 Quint.
633 3665 697 3718 fr.
722 3668 745 3716 1
770 3666 828 3726 1,
864 3675 915 3717 10
956 3675 1110 3730 atque
1143 3666 1269 3717 baec
1303 3679 1403 3716 non
1437 3680 1498 3716 eo
1599 3663 1701 3718 καὶ
1714 3659 1908 3733 ὅωμην
1926 3658 2358 3732 ἕμποιήσειν,τῇ
2375 3657 2442 3715 δὲ
2457 3657 2664 3729 lorove

435 3735 699 3794 dicuntur,
733 3743 791 3785 ut
819 3743 871 3784 te
903 3736 1065 3784 oratio
1100 3747 1214 3785 mea
1239 3734 1499 3785 dormien-
1600 3748 1664 3785 τε
1686 3732 1788 3787 καὶ
1826 3725 2216 3799 ἐπιτηδεύσεις
2250 3731 2527 3797 νομίμους
2561 3730 2659 3795 (sc.

435 3810 540 3853 tem
563 3803 839 3864 excitasse,
877 3802 971 3852 sed
1005 3803 1173 3868 potius
1205 3810 1264 3852 ut
1286 3817 1498 3852 curren·
1598 3796 1992 3881 ot'oo(‚·‹pspoov)‚⁸
2012 3791 2244 3853 πειθὼ
2286 3790 2361 3866 ἣν
2393 3788 2480 3852 ἂν
2501 3797 2538 3866 β
2549 3791 2665 3850 ού-

435 3877 537 3923 tem
557 3873 801 3922 incitasse
824 3868 1076 3920 videatur.
1600 3871 1679 3936 λῃ
1700 3867 1801 3922 καὶ
1827 3860 2035 3934 ἀρετην
2057 3859 2438 3933 παραδώσειν.

503 3946 559 3990 ιιι
581 3940 724 3990 aiunt
757 3962 824 3972 —-
855 3936 987 3986 nach
1019 3937 1134 3987 dem
1170 3935 1498 4003 Sprichworg
1666 3940 1721 3988 in
1743 3937 1960 4001 ancipiti
1980 3952 2160 4000 causa,
2197 3949 2274 3987 wo
2310 3950 2364 3987 es
2388 3934 2498 3985 also
2524 3933 2664 3985 einer

433 4005 631 4072 gdech.
655 3998 758 4057 τὸν
779 3999 1050 4071 τρέχοντα
1073 4002 1396 4071 παρορμᾶν.
1598 4019 1831 4070 genauen
1857 4003 2113 4069 Diaguose
2135 4002 2341 4064 bedorf,
2378 4017 2463 4054 um
2491 4017 2557 4052 zu
2580 4015 2662 4051 se·

505 4075 638 4124 aicta
677 4074 872 4123 medico
909 4074 1154 4138 diliyenti.
1213 4072 1331 4139 Vgl.
1367 4072 1496 4124 Plat.
1600 4072 1719 4133 hen,
1743 4072 1837 4121 wie
1861 4071 1944 4121 die
1964 4071 2368 4123 Geschworeneu
2393 4066 2665 4137 cigentlich

440 4138 660 4210 Phaedr.
685 4156 739 4206 p.
763 4139 866 4190 270
897 4139 938 4188 B
969 4129 1000 4189 ὁ
1025 4130 1216 4218 αὐτός,
1229 4155 1343 4191 που
1374 4132 1500 4203 τρό-
1601 4155 1668 4191 zu
1692 4138 1782 4189 der
1806 4137 1968 4190 Sache
1990 4139 2187 4191 steheo.
2459 4159 2464 4164 ·

437 4221 552 4265 zoe
592 4200 796 4285 τέχνης
840 4199 1142 4288 ᾇῃτορικ”ς
1180 4220 1356 4272 οπερ
1397 4205 1500 4260 καὶ
1664 4209 1836 4271 mavi,
1885 4208 1977 4258 aul*
2005 4208 2161 4258 deren
2192 4205 2407 4272 ricbtige
2430 4203 2665 4256 Beliand-

442 4267 723 4339 ἰατρικης.
772 4265 837 4325 ἐν
867 4223 1222 4338 αμφοτίηραις
1256 4271 1359 4326 δεῖ
1380 4271 1502 4326 διε·
1599 4274 1754 4341 lang,
1787 4275 1884 4326 wie
1908 4275 1993 4326 bei
2016 4275 2155 4325 einer
2177 4272 2452 4326 schweren‘
2464 4272 2662 4324 Kraok·
