<?xml version="1.0" encoding="UTF-8"?>
<!DOCTYPE html PUBLIC "-//W3C//DTD XHTML 1.0 Transitional//EN"
    "http://www.w3.org/TR/xhtml1/DTD/xhtml1-transitional.dtd">
<html xmlns="http://www.w3.org/1999/xhtml" xml:lang="en" lang="en">
 <head>
  <title>
</title>
<meta http-equiv="Content-Type" content="text/html;charset=utf-8" />
  <meta name='ocr-system' content='tesseract 3.04.00' />
  <meta name='ocr-capabilities' content='ocr_page ocr_carea ocr_par ocr_line ocrx_word'/>
</head>
<body>
  <div class='ocr_page' id='page_1' title='image "./deoratore00pidegoog_0144.png"; bbox 0 0 2930 4693; ppageno 0'>
   <div class='ocr_carea' id='block_1_1' title="bbox 458 220 2068 293">
    <p class='ocr_par' dir='ltr' id='par_1_1' title="bbox 458 220 2068 293">
     <span class='ocr_line' id='line_1_1' title="bbox 458 220 2068 293; baseline -0.006 -3"><span class='ocrx_word' id='word_1_1' title='bbox 458 227 540 293; x_wconf 86' lang='grc'>76</span> <span class='ocrx_word' id='word_1_2' title='bbox 1059 221 1158 285; x_wconf 78' lang='lat' dir='ltr'>DE</span> <span class='ocrx_word' id='word_1_3' title='bbox 1186 220 1542 285; x_wconf 74' lang='lat' dir='ltr'>ORATORE</span> <span class='ocrx_word' id='word_1_4' title='bbox 1570 220 1597 282; x_wconf 92' lang='grc' dir='ltr'>Ι</span> <span class='ocrx_word' id='word_1_5' title='bbox 1626 221 1728 283; x_wconf 84' lang='grc'>50.</span> <span class='ocrx_word' id='word_1_6' title='bbox 1761 227 2068 282; x_wconf 79' lang='lat'><strong>216-218.</strong></span> 
     </span>
    </p>
   </div>
   <div class='ocr_carea' id='block_1_2' title="bbox 331 390 2672 2257">
    <p class='ocr_par' dir='ltr' id='par_1_2' title="bbox 332 390 2672 813">
     <span class='ocr_line' id='line_1_2' title="bbox 332 390 2667 473; baseline 0 -21"><span class='ocrx_word' id='word_1_7' title='bbox 332 400 435 453; x_wconf 80' lang='lat'>216</span> <span class='ocrx_word' id='word_1_8' title='bbox 463 411 541 455; x_wconf 90' lang='lat' dir='ltr'>ne</span> <span class='ocrx_word' id='word_1_9' title='bbox 570 391 821 473; x_wconf 89' lang='lat' dir='ltr'>amplius</span> <span class='ocrx_word' id='word_1_10' title='bbox 850 410 1025 473; x_wconf 91' lang='lat' dir='ltr'>quam</span> <span class='ocrx_word' id='word_1_11' title='bbox 1056 391 1317 472; x_wconf 82' lang='lat' dir='ltr'>singulas</span> <span class='ocrx_word' id='word_1_12' title='bbox 1345 400 1505 454; x_wconf 85' lang='lat' dir='ltr'>artes</span> <span class='ocrx_word' id='word_1_13' title='bbox 1534 410 1707 454; x_wconf 87' lang='lat' dir='ltr'>nosse</span> <span class='ocrx_word' id='word_1_14' title='bbox 1736 391 1929 455; x_wconf 86' lang='lat' dir='ltr'>liceat.</span> <span class='ocrx_word' id='word_1_15' title='bbox 2000 392 2194 465; x_wconf 83' lang='lat' dir='ltr'><strong>Quare</strong></span> <span class='ocrx_word' id='word_1_16' title='bbox 2230 410 2373 463; x_wconf 87' lang='lat' dir='ltr'>non,</span> <span class='ocrx_word' id='word_1_17' title='bbox 2407 392 2517 455; x_wconf 87' lang='lat' dir='ltr'>etsi</span> <span class='ocrx_word' id='word_1_18' title='bbox 2546 390 2667 454; x_wconf 88' lang='lat' dir='ltr'>elo·</span> 
     </span>
     <span class='ocr_line' id='line_1_3' title="bbox 457 476 2670 560; baseline -0 -21"><span class='ocrx_word' id='word_1_19' title='bbox 457 478 873 560; x_wconf 90' lang='lat' dir='ltr'>quentissimus</span> <span class='ocrx_word' id='word_1_20' title='bbox 893 477 1138 538; x_wconf 80' lang='lat' dir='ltr'><strong>Athenis</strong></span> <span class='ocrx_word' id='word_1_21' title='bbox 1157 476 1416 538; x_wconf 87' lang='lat' dir='ltr'>Pericles</span> <span class='ocrx_word' id='word_1_22' title='bbox 1438 478 1715 558; x_wconf 81' lang='lat' dir='ltr'><strong>idemque</strong></span> <span class='ocrx_word' id='word_1_23' title='bbox 1731 479 1792 539; x_wconf 91' lang='lat' dir='ltr'>in</span> <span class='ocrx_word' id='word_1_24' title='bbox 1819 496 1888 540; x_wconf 90' lang='lat' dir='ltr'>ea</span> <span class='ocrx_word' id='word_1_25' title='bbox 1910 478 2139 539; x_wconf 85' lang='lat' dir='ltr'>civitate</span> <span class='ocrx_word' id='word_1_26' title='bbox 2168 477 2454 558; x_wconf 86' lang='lat' dir='ltr'>plurimos</span> <span class='ocrx_word' id='word_1_27' title='bbox 2483 495 2670 539; x_wconf 87' lang='lat' dir='ltr'>annos</span> 
     </span>
     <span class='ocr_line' id='line_1_4' title="bbox 457 561 2670 644; baseline -0.001 -19"><span class='ocrx_word' id='word_1_28' title='bbox 457 565 737 644; x_wconf 86' lang='lat' dir='ltr'>princeps</span> <span class='ocrx_word' id='word_1_29' title='bbox 766 561 997 624; x_wconf 88' lang='lat' dir='ltr'>consilii</span> <span class='ocrx_word' id='word_1_30' title='bbox 1024 562 1245 643; x_wconf 84' lang='lat' dir='ltr'>publici</span> <span class='ocrx_word' id='word_1_31' title='bbox 1274 562 1418 633; x_wconf 87' lang='lat' dir='ltr'>fuit,</span> <span class='ocrx_word' id='word_1_32' title='bbox 1469 563 1691 624; x_wconf 88' lang='lat' dir='ltr'>idcirco</span> <span class='ocrx_word' id='word_1_33' title='bbox 1733 562 1996 624; x_wconf 86' lang='lat' dir='ltr'>eiusdem</span> <span class='ocrx_word' id='word_1_34' title='bbox 2025 563 2281 624; x_wconf 89' lang='lat' dir='ltr'>hominis</span> <span class='ocrx_word' id='word_1_35' title='bbox 2322 569 2496 643; x_wconf 89' lang='lat' dir='ltr'>atque</span> <span class='ocrx_word' id='word_1_36' title='bbox 2526 564 2670 623; x_wconf 85' lang='lat' dir='ltr'>artis</span> 
     </span>
     <span class='ocr_line' id='line_1_5' title="bbox 459 646 2668 729; baseline -0.001 -20"><span class='ocrx_word' id='word_1_37' title='bbox 459 656 708 729; x_wconf 90' lang='lat' dir='ltr'>utraque</span> <span class='ocrx_word' id='word_1_38' title='bbox 739 647 983 710; x_wconf 78' lang='lat' dir='ltr'>facultas</span> <span class='ocrx_word' id='word_1_39' title='bbox 1013 646 1399 709; x_wconf 84' lang='lat' dir='ltr'>existimanda</span> <span class='ocrx_word' id='word_1_40' title='bbox 1430 656 1550 720; x_wconf 88' lang='lat' dir='ltr'>est,</span> <span class='ocrx_word' id='word_1_41' title='bbox 1594 666 1735 720; x_wconf 84' lang='lat' dir='ltr'>nec,</span> <span class='ocrx_word' id='word_1_42' title='bbox 1770 649 1822 709; x_wconf 90' lang='lat' dir='ltr'>si</span> <span class='ocrx_word' id='word_1_43' title='bbox 1849 646 1915 710; x_wconf 91' lang='lat' dir='ltr'>P.</span> <span class='ocrx_word' id='word_1_44' title='bbox 1948 648 2192 711; x_wconf 79' lang='lat' dir='ltr'>Crassus</span> <span class='ocrx_word' id='word_1_45' title='bbox 2219 647 2377 709; x_wconf 89' lang='lat' dir='ltr'>idem</span> <span class='ocrx_word' id='word_1_46' title='bbox 2407 647 2516 708; x_wconf 90' lang='lat' dir='ltr'>fuit</span> <span class='ocrx_word' id='word_1_47' title='bbox 2545 646 2668 708; x_wconf 92' lang='lat' dir='ltr'>elo-</span> 
     </span>
     <span class='ocr_line' id='line_1_6' title="bbox 460 731 2672 813; baseline -0.001 -19"><span class='ocrx_word' id='word_1_48' title='bbox 460 751 647 813; x_wconf 89' lang='lat' dir='ltr'>quens</span> <span class='ocrx_word' id='word_1_49' title='bbox 692 740 752 794; x_wconf 90' lang='lat' dir='ltr'>et</span> <span class='ocrx_word' id='word_1_50' title='bbox 791 734 937 796; x_wconf 90' lang='lat' dir='ltr'>iuris</span> <span class='ocrx_word' id='word_1_51' title='bbox 977 733 1232 813; x_wconf 77' lang='lat' dir='ltr'>perituS‚</span> <span class='ocrx_word' id='word_1_52' title='bbox 1281 731 1356 793; x_wconf 89' lang='lat' dir='ltr'>oh</span> <span class='ocrx_word' id='word_1_53' title='bbox 1399 749 1529 794; x_wconf 89' lang='lat' dir='ltr'>eam</span> <span class='ocrx_word' id='word_1_54' title='bbox 1573 751 1805 795; x_wconf 87' lang='lat' dir='ltr'>causam</span> <span class='ocrx_word' id='word_1_55' title='bbox 1846 735 2001 795; x_wconf 90' lang='lat' dir='ltr'>inest</span> <span class='ocrx_word' id='word_1_56' title='bbox 2036 734 2098 794; x_wconf 90' lang='lat' dir='ltr'>in</span> <span class='ocrx_word' id='word_1_57' title='bbox 2130 731 2404 794; x_wconf 81' lang='lat' dir='ltr'>facultate</span> <span class='ocrx_word' id='word_1_58' title='bbox 2434 731 2672 792; x_wconf 88' lang='lat' dir='ltr'>dicendi</span> 
     </span>
    </p>

    <p class='ocr_par' dir='ltr' id='par_1_3' title="bbox 331 815 2672 1664">
     <span class='ocr_line' id='line_1_7' title="bbox 331 815 2669 899; baseline 0.002 -27"><span class='ocrx_word' id='word_1_59' title='bbox 331 821 428 873; x_wconf 77' lang='lat'>217</span> <span class='ocrx_word' id='word_1_60' title='bbox 460 820 606 882; x_wconf 88' lang='lat' dir='ltr'>iuris</span> <span class='ocrx_word' id='word_1_61' title='bbox 635 816 817 879; x_wconf 89' lang='lat' dir='ltr'>civilis</span> <span class='ocrx_word' id='word_1_62' title='bbox 846 818 1108 879; x_wconf 89' lang='lat' dir='ltr'>scientia.</span> <span class='ocrx_word' id='word_1_63' title='bbox 1167 817 1316 878; x_wconf 92' lang='lat' dir='ltr'>Nam</span> <span class='ocrx_word' id='word_1_64' title='bbox 1346 819 1395 878; x_wconf 90' lang='lat' dir='ltr'>si</span> <span class='ocrx_word' id='word_1_65' title='bbox 1423 825 1490 879; x_wconf 91' lang='lat' dir='ltr'>ut</span> <span class='ocrx_word' id='word_1_66' title='bbox 1518 819 1764 899; x_wconf 86' lang='lat' dir='ltr'>quisque</span> <span class='ocrx_word' id='word_1_67' title='bbox 1792 819 1855 878; x_wconf 89' lang='lat' dir='ltr'>in</span> <span class='ocrx_word' id='word_1_68' title='bbox 1895 816 2087 898; x_wconf 88' lang='lat' dir='ltr'>aliqua</span> <span class='ocrx_word' id='word_1_69' title='bbox 2128 824 2254 880; x_wconf 91' lang='lat' dir='ltr'>arte</span> <span class='ocrx_word' id='word_1_70' title='bbox 2297 824 2356 879; x_wconf 93' lang='lat' dir='ltr'>et</span> <span class='ocrx_word' id='word_1_71' title='bbox 2396 815 2669 878; x_wconf 83' lang='lat' dir='ltr'>facultate</span> 
     </span>
     <span class='ocr_line' id='line_1_8' title="bbox 459 900 2667 983; baseline -0.002 -17"><span class='ocrx_word' id='word_1_72' title='bbox 459 901 754 966; x_wconf 84' lang='lat' dir='ltr'>excellens</span> <span class='ocrx_word' id='word_1_73' title='bbox 776 901 949 964; x_wconf 92' lang='lat' dir='ltr'>aliam</span> <span class='ocrx_word' id='word_1_74' title='bbox 972 920 1205 983; x_wconf 90' lang='lat' dir='ltr'>quoque</span> <span class='ocrx_word' id='word_1_75' title='bbox 1220 910 1408 965; x_wconf 89' lang='lat' dir='ltr'>artem</span> <span class='ocrx_word' id='word_1_76' title='bbox 1421 902 1534 964; x_wconf 89' lang='lat' dir='ltr'>sibi</span> <span class='ocrx_word' id='word_1_77' title='bbox 1549 903 1970 983; x_wconf 89' lang='lat' dir='ltr'>adsumpserit,</span> <span class='ocrx_word' id='word_1_78' title='bbox 2001 904 2052 964; x_wconf 87' lang='lat' dir='ltr'>is</span> <span class='ocrx_word' id='word_1_79' title='bbox 2078 903 2363 982; x_wconf 85' lang='lat' dir='ltr'>perficiet,</span> <span class='ocrx_word' id='word_1_80' title='bbox 2395 909 2476 973; x_wconf 90' lang='lat' dir='ltr'>ut,</span> <span class='ocrx_word' id='word_1_81' title='bbox 2509 900 2667 982; x_wconf 90' lang='lat' dir='ltr'>quod</span> 
     </span>
     <span class='ocr_line' id='line_1_9' title="bbox 457 986 2667 1069; baseline -0.001 -19"><span class='ocrx_word' id='word_1_82' title='bbox 457 995 765 1068; x_wconf 89' lang='lat' dir='ltr'>praeterea</span> <span class='ocrx_word' id='word_1_83' title='bbox 794 988 966 1059; x_wconf 87' lang='lat' dir='ltr'>sciet,</span> <span class='ocrx_word' id='word_1_84' title='bbox 997 986 1058 1047; x_wconf 92' lang='lat' dir='ltr'>id</span> <span class='ocrx_word' id='word_1_85' title='bbox 1089 988 1240 1058; x_wconf 90' lang='lat' dir='ltr'>eius,</span> <span class='ocrx_word' id='word_1_86' title='bbox 1273 988 1335 1048; x_wconf 89' lang='lat' dir='ltr'>in</span> <span class='ocrx_word' id='word_1_87' title='bbox 1365 1007 1483 1068; x_wconf 90' lang='lat' dir='ltr'>quo</span> <span class='ocrx_word' id='word_1_88' title='bbox 1513 987 1787 1059; x_wconf 84' lang='lat' dir='ltr'>excellet,</span> <span class='ocrx_word' id='word_1_89' title='bbox 1817 1006 1957 1068; x_wconf 86' lang='lat' dir='ltr'>pars</span> <span class='ocrx_word' id='word_1_90' title='bbox 1985 987 2269 1069; x_wconf 86' lang='lat' dir='ltr'>quaedam</span> <span class='ocrx_word' id='word_1_91' title='bbox 2313 1006 2442 1049; x_wconf 87' lang='lat' dir='ltr'>esse</span> <span class='ocrx_word' id='word_1_92' title='bbox 2470 987 2667 1048; x_wconf 86' lang='lat' dir='ltr'>videa·</span> 
     </span>
     <span class='ocr_line' id='line_1_10' title="bbox 457 1070 2669 1154; baseline -0.002 -19"><span class='ocrx_word' id='word_1_93' title='bbox 457 1082 572 1142; x_wconf 90' lang='lat' dir='ltr'>tur,</span> <span class='ocrx_word' id='word_1_94' title='bbox 604 1072 743 1134; x_wconf 89' lang='lat' dir='ltr'>licet</span> <span class='ocrx_word' id='word_1_95' title='bbox 768 1074 879 1135; x_wconf 87' lang='lat' dir='ltr'>ista</span> <span class='ocrx_word' id='word_1_96' title='bbox 910 1073 1138 1134; x_wconf 90' lang='lat' dir='ltr'>ratione</span> <span class='ocrx_word' id='word_1_97' title='bbox 1168 1071 1430 1134; x_wconf 88' lang='lat' dir='ltr'>dicamus</span> <span class='ocrx_word' id='word_1_98' title='bbox 1450 1071 1569 1154; x_wconf 88' lang='lat' dir='ltr'>pila</span> <span class='ocrx_word' id='word_1_99' title='bbox 1586 1073 1740 1135; x_wconf 91' lang='lat' dir='ltr'>bene</span> <span class='ocrx_word' id='word_1_100' title='bbox 1771 1081 1829 1134; x_wconf 88' lang='lat' dir='ltr'>et</span> <span class='ocrx_word' id='word_1_101' title='bbox 1858 1073 2167 1136; x_wconf 90' lang='lat' dir='ltr'>duodecim</span> <span class='ocrx_word' id='word_1_102' title='bbox 2198 1073 2433 1153; x_wconf 88' lang='lat' dir='ltr'>scriptis</span> <span class='ocrx_word' id='word_1_103' title='bbox 2460 1070 2669 1133; x_wconf 90' lang='lat' dir='ltr'>ludere</span> 
     </span>
     <span class='ocr_line' id='line_1_11' title="bbox 456 1156 2671 1254; baseline -0 -36"><span class='ocrx_word' id='word_1_104' title='bbox 456 1159 767 1238; x_wconf 89' lang='lat' dir='ltr'>proprium</span> <span class='ocrx_word' id='word_1_105' title='bbox 809 1175 938 1218; x_wconf 88' lang='lat' dir='ltr'>esse</span> <span class='ocrx_word' id='word_1_106' title='bbox 977 1159 1123 1219; x_wconf 90' lang='lat' dir='ltr'>iuris</span> <span class='ocrx_word' id='word_1_107' title='bbox 1165 1156 1378 1229; x_wconf 77' lang='lat' dir='ltr'>civiIiS,</span> <span class='ocrx_word' id='word_1_108' title='bbox 1423 1160 1700 1238; x_wconf 88' lang='lat' dir='ltr'>quoniam</span> <span class='ocrx_word' id='word_1_109' title='bbox 1740 1166 2056 1239; x_wconf 87' lang='lat' dir='ltr'>utrumque</span> <span class='ocrx_word' id='word_1_110' title='bbox 2097 1176 2304 1220; x_wconf 91' lang='lat' dir='ltr'>eorum</span> <span class='ocrx_word' id='word_1_111' title='bbox 2344 1157 2413 1218; x_wconf 91' lang='lat' dir='ltr'>P.</span> <span class='ocrx_word' id='word_1_112' title='bbox 2444 1157 2671 1254; x_wconf 73' lang='lat' dir='ltr'>Mucius</span> 
     </span>
     <span class='ocr_line' id='line_1_12' title="bbox 459 1242 2672 1324; baseline -0.001 -20"><span class='ocrx_word' id='word_1_113' title='bbox 459 1244 679 1323; x_wconf 90' lang='lat' dir='ltr'>optime</span> <span class='ocrx_word' id='word_1_114' title='bbox 730 1242 974 1313; x_wconf 88' lang='lat' dir='ltr'>fecerit;</span> <span class='ocrx_word' id='word_1_115' title='bbox 1042 1242 1363 1323; x_wconf 88' lang='lat' dir='ltr'>eademque</span> <span class='ocrx_word' id='word_1_116' title='bbox 1411 1245 1642 1305; x_wconf 89' lang='lat' dir='ltr'>ratione</span> <span class='ocrx_word' id='word_1_117' title='bbox 1691 1244 1963 1305; x_wconf 89' lang='lat' dir='ltr'>dicantur</span> <span class='ocrx_word' id='word_1_118' title='bbox 2017 1251 2078 1305; x_wconf 84' lang='lat' dir='ltr'>et</span> <span class='ocrx_word' id='word_1_119' title='bbox 2125 1261 2273 1324; x_wconf 90' lang='lat' dir='ltr'>quos</span> <span class='ocrx_word' id='word_1_120' title='bbox 2338 1254 2672 1322; x_wconf 82' lang='grc' dir='ltr'><strong><em>φυσικους</em></strong></span> 
     </span>
     <span class='ocr_line' id='line_1_13' title="bbox 459 1326 2671 1409; baseline -0 -21"><span class='ocrx_word' id='word_1_121' title='bbox 459 1326 670 1389; x_wconf 88' lang='lat' dir='ltr'>Graeci</span> <span class='ocrx_word' id='word_1_122' title='bbox 718 1328 1052 1400; x_wconf 88' lang='lat' dir='ltr'>nominant,</span> <span class='ocrx_word' id='word_1_123' title='bbox 1113 1327 1305 1388; x_wconf 88' lang='lat' dir='ltr'>eidem</span> <span class='ocrx_word' id='word_1_124' title='bbox 1354 1333 1597 1409; x_wconf 76' lang='lat' dir='ltr'>poetae,</span> <span class='ocrx_word' id='word_1_125' title='bbox 1651 1331 1928 1408; x_wconf 88' lang='lat' dir='ltr'>quoniam</span> <span class='ocrx_word' id='word_1_126' title='bbox 1957 1327 2346 1408; x_wconf 86' lang='lat' dir='ltr'>Empedocles</span> <span class='ocrx_word' id='word_1_127' title='bbox 2392 1326 2671 1407; x_wconf 80' lang='lat' dir='ltr'>physicus</span> 
     </span>
     <span class='ocr_line' id='line_1_14' title="bbox 459 1412 2669 1494; baseline 0 -21"><span class='ocrx_word' id='word_1_128' title='bbox 459 1413 762 1492; x_wconf 83' lang='lat' dir='ltr'>egregium</span> <span class='ocrx_word' id='word_1_129' title='bbox 803 1417 1016 1493; x_wconf 77' lang='lat' dir='ltr'>poema</span> <span class='ocrx_word' id='word_1_130' title='bbox 1045 1413 1269 1474; x_wconf 89' lang='lat' dir='ltr'>fecerit.</span> <span class='ocrx_word' id='word_1_131' title='bbox 1340 1415 1414 1474; x_wconf 83' lang='lat' dir='ltr'>At</span> <span class='ocrx_word' id='word_1_132' title='bbox 1454 1414 1570 1475; x_wconf 91' lang='lat' dir='ltr'>hoc</span> <span class='ocrx_word' id='word_1_133' title='bbox 1609 1432 1686 1475; x_wconf 89' lang='lat' dir='ltr'>ne</span> <span class='ocrx_word' id='word_1_134' title='bbox 1726 1413 2061 1494; x_wconf 83' lang='lat' dir='ltr'>philosophi</span> <span class='ocrx_word' id='word_1_135' title='bbox 2105 1412 2340 1494; x_wconf 90' lang='lat' dir='ltr'>quidem</span> <span class='ocrx_word' id='word_1_136' title='bbox 2382 1413 2523 1492; x_wconf 89' lang='lat' dir='ltr'>ipsi,</span> <span class='ocrx_word' id='word_1_137' title='bbox 2567 1413 2669 1493; x_wconf 91' lang='lat' dir='ltr'>qui</span> 
     </span>
     <span class='ocr_line' id='line_1_15' title="bbox 459 1496 2669 1580; baseline -0 -22"><span class='ocrx_word' id='word_1_138' title='bbox 459 1498 687 1568; x_wconf 90' lang='lat' dir='ltr'>omnia,</span> <span class='ocrx_word' id='word_1_139' title='bbox 719 1499 869 1559; x_wconf 91' lang='lat' dir='ltr'>sicut</span> <span class='ocrx_word' id='word_1_140' title='bbox 896 1498 1168 1578; x_wconf 89' lang='lat' dir='ltr'>propria,</span> <span class='ocrx_word' id='word_1_141' title='bbox 1213 1516 1317 1558; x_wconf 90' lang='lat' dir='ltr'>sua</span> <span class='ocrx_word' id='word_1_142' title='bbox 1348 1516 1478 1560; x_wconf 86' lang='lat' dir='ltr'>esse</span> <span class='ocrx_word' id='word_1_143' title='bbox 1508 1506 1681 1580; x_wconf 89' lang='lat' dir='ltr'>atque</span> <span class='ocrx_word' id='word_1_144' title='bbox 1711 1517 1744 1559; x_wconf 91' lang='lat' dir='ltr'>a</span> <span class='ocrx_word' id='word_1_145' title='bbox 1774 1517 1838 1559; x_wconf 90' lang='lat' dir='ltr'>se</span> <span class='ocrx_word' id='word_1_146' title='bbox 1865 1497 2156 1578; x_wconf 89' lang='lat' dir='ltr'>possideri</span> <span class='ocrx_word' id='word_1_147' title='bbox 2197 1496 2426 1568; x_wconf 85' lang='lat' dir='ltr'>volunt,</span> <span class='ocrx_word' id='word_1_148' title='bbox 2470 1497 2669 1561; x_wconf 83' lang='lat' dir='ltr'>dicere</span> 
     </span>
     <span class='ocr_line' id='line_1_16' title="bbox 459 1581 2669 1664; baseline 0.001 -22"><span class='ocrx_word' id='word_1_149' title='bbox 459 1582 706 1653; x_wconf 88' lang='lat' dir='ltr'>audent,</span> <span class='ocrx_word' id='word_1_150' title='bbox 739 1584 1120 1661; x_wconf 83' lang='lat' dir='ltr'>geometriam</span> <span class='ocrx_word' id='word_1_151' title='bbox 1152 1590 1253 1643; x_wconf 85' lang='lat' dir='ltr'>aut</span> <span class='ocrx_word' id='word_1_152' title='bbox 1283 1585 1570 1645; x_wconf 87' lang='lat' dir='ltr'>musicam</span> <span class='ocrx_word' id='word_1_153' title='bbox 1609 1582 1944 1664; x_wconf 85' lang='lat' dir='ltr'>philosophi</span> <span class='ocrx_word' id='word_1_154' title='bbox 1984 1601 2144 1655; x_wconf 88' lang='lat' dir='ltr'>esse,</span> <span class='ocrx_word' id='word_1_155' title='bbox 2184 1585 2319 1663; x_wconf 89' lang='lat' dir='ltr'>quia</span> <span class='ocrx_word' id='word_1_156' title='bbox 2363 1581 2669 1644; x_wconf 87' lang='lat' dir='ltr'>Platonem</span> 
     </span>
    </p>

    <p class='ocr_par' dir='ltr' id='par_1_4' title="bbox 332 1666 2672 2257">
     <span class='ocr_line' id='line_1_17' title="bbox 332 1666 2670 1747; baseline 0.002 -24"><span class='ocrx_word' id='word_1_157' title='bbox 332 1670 435 1723; x_wconf 78' lang='lat'>218</span> <span class='ocrx_word' id='word_1_158' title='bbox 464 1686 671 1729; x_wconf 90' lang='lat' dir='ltr'>omnes</span> <span class='ocrx_word' id='word_1_159' title='bbox 699 1668 761 1728; x_wconf 92' lang='lat' dir='ltr'>in</span> <span class='ocrx_word' id='word_1_160' title='bbox 789 1666 905 1728; x_wconf 87' lang='lat' dir='ltr'>illis</span> <span class='ocrx_word' id='word_1_161' title='bbox 935 1666 1160 1730; x_wconf 85' lang='lat' dir='ltr'>artibus</span> <span class='ocrx_word' id='word_1_162' title='bbox 1185 1669 1753 1747; x_wconf 86' lang='lat' dir='ltr'>praestantissimum</span> <span class='ocrx_word' id='word_1_163' title='bbox 1783 1668 1962 1730; x_wconf 86' lang='lat' dir='ltr'>fuisse</span> <span class='ocrx_word' id='word_1_164' title='bbox 1991 1668 2303 1730; x_wconf 73' lang='lat' dir='ltr'>fateantur.</span> <span class='ocrx_word' id='word_1_165' title='bbox 2361 1668 2445 1729; x_wconf 85' lang='lat' dir='ltr'>Ac</span> <span class='ocrx_word' id='word_1_166' title='bbox 2473 1670 2523 1728; x_wconf 91' lang='lat' dir='ltr'>si</span> <span class='ocrx_word' id='word_1_167' title='bbox 2550 1669 2670 1728; x_wconf 92' lang='lat' dir='ltr'>iam</span> 
     </span>
     <span class='ocr_line' id='line_1_18' title="bbox 456 1750 2672 1833; baseline 0 -20"><span class='ocrx_word' id='word_1_168' title='bbox 456 1750 651 1833; x_wconf 89' lang='lat' dir='ltr'>placet</span> <span class='ocrx_word' id='word_1_169' title='bbox 690 1770 897 1814; x_wconf 86' lang='lat' dir='ltr'>omnes</span> <span class='ocrx_word' id='word_1_170' title='bbox 942 1761 1098 1814; x_wconf 86' lang='lat' dir='ltr'>artes</span> <span class='ocrx_word' id='word_1_171' title='bbox 1138 1755 1359 1813; x_wconf 90' lang='lat' dir='ltr'>oratori</span> <span class='ocrx_word' id='word_1_172' title='bbox 1388 1752 1773 1832; x_wconf 87' lang='lat' dir='ltr'>subiungere,</span> <span class='ocrx_word' id='word_1_173' title='bbox 1820 1751 2178 1815; x_wconf 79' lang='lat' dir='ltr'>tolerabilius</span> <span class='ocrx_word' id='word_1_174' title='bbox 2221 1761 2309 1814; x_wconf 90' lang='lat' dir='ltr'>est</span> <span class='ocrx_word' id='word_1_175' title='bbox 2347 1754 2432 1814; x_wconf 89' lang='lat' dir='ltr'>sic</span> <span class='ocrx_word' id='word_1_176' title='bbox 2474 1754 2672 1833; x_wconf 83' lang='lat' dir='ltr'>potius</span> 
     </span>
     <span class='ocr_line' id='line_1_19' title="bbox 459 1836 2670 1918; baseline 0 -21"><span class='ocrx_word' id='word_1_177' title='bbox 459 1837 658 1899; x_wconf 86' lang='lat' dir='ltr'>dicere</span> <span class='ocrx_word' id='word_1_178' title='bbox 676 1884 693 1908; x_wconf 99' lang='lat'>,</span> <span class='ocrx_word' id='word_1_179' title='bbox 725 1845 815 1908; x_wconf 89' lang='lat' dir='ltr'>ut,</span> <span class='ocrx_word' id='word_1_180' title='bbox 847 1839 1126 1918; x_wconf 89' lang='lat' dir='ltr'>quoniam</span> <span class='ocrx_word' id='word_1_181' title='bbox 1157 1836 1391 1899; x_wconf 87' lang='lat' dir='ltr'>dicendi</span> <span class='ocrx_word' id='word_1_182' title='bbox 1420 1837 1666 1900; x_wconf 82' lang='lat' dir='ltr'>facultas</span> <span class='ocrx_word' id='word_1_183' title='bbox 1694 1857 1815 1900; x_wconf 91' lang='lat' dir='ltr'>non</span> <span class='ocrx_word' id='word_1_184' title='bbox 1845 1837 2057 1901; x_wconf 87' lang='lat' dir='ltr'>debeat</span> <span class='ocrx_word' id='word_1_185' title='bbox 2100 1856 2228 1900; x_wconf 88' lang='lat' dir='ltr'>esse</span> <span class='ocrx_word' id='word_1_186' title='bbox 2268 1840 2463 1899; x_wconf 90' lang='lat' dir='ltr'>ieiuna</span> <span class='ocrx_word' id='word_1_187' title='bbox 2494 1844 2670 1916; x_wconf 86' lang='lat' dir='ltr'>atque</span> 
     </span>
     <span class='ocr_line' id='line_1_20' title="bbox 460 1920 2669 2003; baseline 0 -20"><span class='ocrx_word' id='word_1_188' title='bbox 460 1921 616 1983; x_wconf 90' lang='lat' dir='ltr'>nuda</span> <span class='ocrx_word' id='word_1_189' title='bbox 630 1969 647 1994; x_wconf 88' lang='lat'>,</span> <span class='ocrx_word' id='word_1_190' title='bbox 679 1921 781 1982; x_wconf 87' lang='lat' dir='ltr'>sed</span> <span class='ocrx_word' id='word_1_191' title='bbox 805 1920 1081 2002; x_wconf 89' lang='lat' dir='ltr'>adspersa</span> <span class='ocrx_word' id='word_1_192' title='bbox 1103 1930 1276 2003; x_wconf 88' lang='lat' dir='ltr'>atque</span> <span class='ocrx_word' id='word_1_193' title='bbox 1299 1923 1569 1984; x_wconf 87' lang='lat' dir='ltr'>distincta</span> <span class='ocrx_word' id='word_1_194' title='bbox 1592 1922 1906 1985; x_wconf 85' lang='lat' dir='ltr'>multarum</span> <span class='ocrx_word' id='word_1_195' title='bbox 1933 1941 2135 1986; x_wconf 87' lang='lat' dir='ltr'>rerum</span> <span class='ocrx_word' id='word_1_196' title='bbox 2148 1922 2403 1984; x_wconf 88' lang='lat' dir='ltr'>iucunda</span> <span class='ocrx_word' id='word_1_197' title='bbox 2419 1921 2669 2003; x_wconf 89' lang='lat' dir='ltr'>quadam</span> 
     </span>
     <span class='ocr_line' id='line_1_21' title="bbox 457 2005 2670 2089; baseline 0.001 -23"><span class='ocrx_word' id='word_1_198' title='bbox 457 2008 770 2077; x_wconf 89' lang='lat' dir='ltr'>varietate,</span> <span class='ocrx_word' id='word_1_199' title='bbox 812 2008 888 2068; x_wconf 85' lang='lat' dir='ltr'>sit</span> <span class='ocrx_word' id='word_1_200' title='bbox 927 2005 1069 2067; x_wconf 90' lang='lat' dir='ltr'>honi</span> <span class='ocrx_word' id='word_1_201' title='bbox 1100 2009 1353 2069; x_wconf 85' lang='lat' dir='ltr'>oratoris</span> <span class='ocrx_word' id='word_1_202' title='bbox 1381 2008 1565 2070; x_wconf 89' lang='lat' dir='ltr'>multa</span> <span class='ocrx_word' id='word_1_203' title='bbox 1595 2008 1835 2071; x_wconf 88' lang='lat' dir='ltr'>auribus</span> <span class='ocrx_word' id='word_1_204' title='bbox 1865 2010 2193 2089; x_wconf 88' lang='lat' dir='ltr'>accepisse,</span> <span class='ocrx_word' id='word_1_205' title='bbox 2225 2007 2408 2070; x_wconf 89' lang='lat' dir='ltr'>multa</span> <span class='ocrx_word' id='word_1_206' title='bbox 2437 2007 2670 2078; x_wconf 86' lang='lat' dir='ltr'>vidisse,</span> 
     </span>
     <span class='ocr_line' id='line_1_22' title="bbox 458 2089 2669 2174; baseline 0.001 -23"><span class='ocrx_word' id='word_1_207' title='bbox 458 2089 642 2153; x_wconf 86' lang='lat' dir='ltr'>multa</span> <span class='ocrx_word' id='word_1_208' title='bbox 695 2092 890 2153; x_wconf 90' lang='lat' dir='ltr'>animo</span> <span class='ocrx_word' id='word_1_209' title='bbox 942 2098 1001 2155; x_wconf 91' lang='lat' dir='ltr'>et</span> <span class='ocrx_word' id='word_1_210' title='bbox 1029 2093 1412 2171; x_wconf 85' lang='lat' dir='ltr'>cogitatione,</span> <span class='ocrx_word' id='word_1_211' title='bbox 1468 2093 1652 2156; x_wconf 85' lang='lat' dir='ltr'>multa</span> <span class='ocrx_word' id='word_1_212' title='bbox 1694 2096 1869 2156; x_wconf 89' lang='lat' dir='ltr'>etiam</span> <span class='ocrx_word' id='word_1_213' title='bbox 1912 2092 2164 2174; x_wconf 82' lang='lat' dir='ltr'>legendo</span> <span class='ocrx_word' id='word_1_214' title='bbox 2208 2094 2669 2174; x_wconf 85' lang='lat' dir='ltr'>percucurrisse,</span> 
     </span>
     <span class='ocr_line' id='line_1_23' title="bbox 458 2176 2669 2257; baseline -0 -19"><span class='ocrx_word' id='word_1_215' title='bbox 458 2194 651 2257; x_wconf 89' lang='lat' dir='ltr'>neque</span> <span class='ocrx_word' id='word_1_216' title='bbox 706 2194 774 2238; x_wconf 91' lang='lat' dir='ltr'>ea</span> <span class='ocrx_word' id='word_1_217' title='bbox 825 2182 891 2238; x_wconf 90' lang='lat' dir='ltr'>ut</span> <span class='ocrx_word' id='word_1_218' title='bbox 928 2194 1035 2238; x_wconf 91' lang='lat' dir='ltr'>sua</span> <span class='ocrx_word' id='word_1_219' title='bbox 1073 2176 1434 2257; x_wconf 87' lang='lat' dir='ltr'>possedisse,</span> <span class='ocrx_word' id='word_1_220' title='bbox 1492 2178 1596 2240; x_wconf 88' lang='lat' dir='ltr'>sed</span> <span class='ocrx_word' id='word_1_221' title='bbox 1636 2187 1700 2240; x_wconf 91' lang='lat' dir='ltr'>ut</span> <span class='ocrx_word' id='word_1_222' title='bbox 1742 2178 1931 2240; x_wconf 90' lang='lat' dir='ltr'>aliena</span> <span class='ocrx_word' id='word_1_223' title='bbox 1974 2178 2210 2242; x_wconf 87' lang='lat' dir='ltr'>libasse.</span> <span class='ocrx_word' id='word_1_224' title='bbox 2269 2179 2482 2241; x_wconf 88' lang='lat' dir='ltr'>Fateor</span> <span class='ocrx_word' id='word_1_225' title='bbox 2512 2179 2669 2242; x_wconf 84' lang='lat' dir='ltr'>enim</span> 
     </span>
    </p>
   </div>
   <div class='ocr_carea' id='block_1_3' title="bbox 524 2327 1512 2397">
    <p class='ocr_par' dir='ltr' id='par_1_5' title="bbox 524 2327 1512 2397">
     <span class='ocr_line' id='line_1_24' title="bbox 524 2327 1512 2397; baseline 0.002 -18"><span class='ocrx_word' id='word_1_226' title='bbox 524 2327 608 2390; x_wconf 80' lang='lat'>50,</span> <span class='ocrx_word' id='word_1_227' title='bbox 632 2336 726 2379; x_wconf 78' lang='lat'><strong>216.</strong></span> <span class='ocrx_word' id='word_1_228' title='bbox 759 2329 1003 2395; x_wconf 75' lang='lat' dir='ltr'>plurimos</span> <span class='ocrx_word' id='word_1_229' title='bbox 1024 2345 1213 2395; x_wconf 78' lang='lat' dir='ltr'>annos,</span> <span class='ocrx_word' id='word_1_230' title='bbox 1239 2345 1406 2397; x_wconf 85' lang='lat' dir='ltr'>genau</span> <span class='ocrx_word' id='word_1_231' title='bbox 1420 2345 1512 2397; x_wconf 83' lang='lat' dir='ltr'>ge-</span> 
     </span>
    </p>
   </div>
   <div class='ocr_carea' id='block_1_4' title="bbox 459 2328 2638 2465">
    <p class='ocr_par' dir='ltr' id='par_1_6' title="bbox 459 2328 2638 2465">
     <span class='ocr_line' id='line_1_25' title="bbox 459 2328 2638 2465; baseline -0.023 -31"><span class='ocrx_word' id='word_1_232' title='bbox 459 2412 693 2449; x_wconf 58' lang='lat' dir='ltr'><strong>nommen</strong></span> <span class='ocrx_word' id='word_1_233' title='bbox 716 2411 819 2447; x_wconf 60' lang='lat' dir='ltr'>vo„</span> <span class='ocrx_word' id='word_1_234' title='bbox 837 2396 912 2451; x_wconf 41' lang='lat'>01·</span> <span class='ocrx_word' id='word_1_235' title='bbox 938 2394 1236 2460; x_wconf 79' lang='lat'>84,1-87,</span> <span class='ocrx_word' id='word_1_236' title='bbox 1263 2399 1295 2449; x_wconf 76' lang='lat'>4</span> <span class='ocrx_word' id='word_1_237' title='bbox 1319 2396 1515 2465; x_wconf 67' lang='lat'>(444—</span> <span class='ocrx_word' id='word_1_238' title='bbox 1682 2346 1890 2399; x_wconf 64' lang='lat' dir='ltr'>qumque</span> <span class='ocrx_word' id='word_1_239' title='bbox 1913 2360 1980 2368; x_wconf 91' lang='lat'><strong>—</strong></span> <span class='ocrx_word' id='word_1_240' title='bbox 2002 2349 2073 2397; x_wconf 73' lang='grc' dir='ltr'>ιε,</span> <span class='ocrx_word' id='word_1_241' title='bbox 2099 2328 2131 2400; x_wconf 87' lang='lat' dir='ltr'>S</span> <span class='ocrx_word' id='word_1_242' title='bbox 2157 2330 2272 2385; x_wconf 85' lang='lat'>130.</span> <span class='ocrx_word' id='word_1_243' title='bbox 2336 2334 2475 2399; x_wconf 69' lang='lat' dir='ltr'>pua,</span> <span class='ocrx_word' id='word_1_244' title='bbox 2500 2328 2638 2399; x_wconf 79' lang='lat'><strong>8⁷3·</strong></span> 
     </span>
    </p>
   </div>
   <div class='ocr_carea' id='block_1_5' title="bbox 1683 2402 2669 2468">
    <p class='ocr_par' dir='ltr' id='par_1_7' title="bbox 1683 2402 2669 2468">
     <span class='ocr_line' id='line_1_26' title="bbox 1683 2402 2669 2468; baseline 0.001 -16"><span class='ocrx_word' id='word_1_245' title='bbox 1683 2402 1943 2453; x_wconf 81' lang='lat' dir='ltr'>duodecim</span> <span class='ocrx_word' id='word_1_246' title='bbox 1986 2403 2219 2468; x_wconf 59' lang='lat' dir='ltr'>scriptis,</span> <span class='ocrx_word' id='word_1_247' title='bbox 2279 2416 2323 2452; x_wconf 89' lang='lat' dir='ltr'>s.</span> <span class='ocrx_word' id='word_1_248' title='bbox 2369 2402 2475 2452; x_wconf 89' lang='lat' dir='ltr'>ind.</span> <span class='ocrx_word' id='word_1_249' title='bbox 2526 2416 2569 2451; x_wconf 86' lang='lat' dir='ltr'>s.</span> <span class='ocrx_word' id='word_1_250' title='bbox 2617 2416 2669 2453; x_wconf 84' lang='lat' dir='ltr'>v.</span> 
     </span>
    </p>
   </div>
   <div class='ocr_carea' id='block_1_6' title="bbox 453 2462 1518 4295">
    <p class='ocr_par' dir='ltr' id='par_1_8' title="bbox 455 2462 1518 2668">
     <span class='ocr_line' id='line_1_27' title="bbox 455 2462 1514 2530; baseline 0.002 -15"><span class='ocrx_word' id='word_1_251' title='bbox 455 2462 615 2530; x_wconf 80' lang='lat'>429),</span> <span class='ocrx_word' id='word_1_252' title='bbox 648 2466 717 2515; x_wconf 86' lang='lat' dir='ltr'>im</span> <span class='ocrx_word' id='word_1_253' title='bbox 751 2465 1012 2515; x_wconf 82' lang='lat' dir='ltr'>weitesten</span> <span class='ocrx_word' id='word_1_254' title='bbox 1038 2465 1189 2528; x_wconf 74' lang='lat' dir='ltr'>Sina,</span> <span class='ocrx_word' id='word_1_255' title='bbox 1224 2481 1371 2517; x_wconf 88' lang='lat' dir='ltr'>wenn</span> <span class='ocrx_word' id='word_1_256' title='bbox 1394 2482 1514 2517; x_wconf 86' lang='lat' dir='ltr'>man</span> 
     </span>
     <span class='ocr_line' id='line_1_28' title="bbox 459 2530 1518 2600; baseline 0.002 -16"><span class='ocrx_word' id='word_1_257' title='bbox 459 2534 537 2584; x_wconf 88' lang='lat' dir='ltr'>bis</span> <span class='ocrx_word' id='word_1_258' title='bbox 563 2549 682 2584; x_wconf 80' lang='lat' dir='ltr'>zum</span> <span class='ocrx_word' id='word_1_259' title='bbox 704 2534 753 2584; x_wconf 83' lang='lat' dir='ltr'>J.</span> <span class='ocrx_word' id='word_1_260' title='bbox 771 2530 874 2584; x_wconf 77' lang='lat'>465</span> <span class='ocrx_word' id='word_1_261' title='bbox 899 2534 1225 2600; x_wconf 82' lang='lat' dir='ltr'>zuriickgeht,</span> <span class='ocrx_word' id='word_1_262' title='bbox 1249 2535 1304 2585; x_wconf 88' lang='lat' dir='ltr'>iu</span> <span class='ocrx_word' id='word_1_263' title='bbox 1328 2536 1518 2586; x_wconf 87' lang='lat' dir='ltr'>runder</span> 
     </span>
     <span class='ocr_line' id='line_1_29' title="bbox 456 2600 1515 2668; baseline 0.003 -17"><span class='ocrx_word' id='word_1_264' title='bbox 456 2600 583 2652; x_wconf 83' lang='lat' dir='ltr'>Zahl</span> <span class='ocrx_word' id='word_1_265' title='bbox 608 2603 943 2667; x_wconf 77' lang='lat' dir='ltr'>quadraginta</span> <span class='ocrx_word' id='word_1_266' title='bbox 965 2617 1128 2654; x_wconf 82' lang='lat' dir='ltr'>annos</span> <span class='ocrx_word' id='word_1_267' title='bbox 1161 2602 1254 2665; x_wconf 85' lang='grc' dir='ltr'>(ΙΙΙ</span> <span class='ocrx_word' id='word_1_268' title='bbox 1278 2602 1368 2664; x_wconf 82' lang='lat'>34,</span> <span class='ocrx_word' id='word_1_269' title='bbox 1395 2601 1515 2668; x_wconf 81' lang='lat'>138).</span> 
     </span>
    </p>

    <p class='ocr_par' dir='ltr' id='par_1_9' title="bbox 456 2670 1518 3060">
     <span class='ocr_line' id='line_1_30' title="bbox 513 2670 1517 2722; baseline 0.001 -1"><span class='ocrx_word' id='word_1_270' title='bbox 513 2671 732 2721; x_wconf 75' lang='lat' dir='ltr'>eiusdem</span> <span class='ocrx_word' id='word_1_271' title='bbox 738 2671 966 2722; x_wconf 74' lang='lat' dir='ltr'>hominis·</span> <span class='ocrx_word' id='word_1_272' title='bbox 977 2670 1172 2721; x_wconf 77' lang='lat' dir='ltr'>Damus</span> <span class='ocrx_word' id='word_1_273' title='bbox 1187 2672 1278 2722; x_wconf 81' lang='lat' dir='ltr'>das</span> <span class='ocrx_word' id='word_1_274' title='bbox 1289 2671 1517 2722; x_wconf 84' lang='lat' dir='ltr'>Perikles</span> 
     </span>
     <span class='ocr_line' id='line_1_31' title="bbox 457 2738 1518 2804; baseline 0.004 -17"><span class='ocrx_word' id='word_1_275' title='bbox 457 2738 538 2788; x_wconf 87' lang='lat' dir='ltr'>ein</span> <span class='ocrx_word' id='word_1_276' title='bbox 557 2740 682 2789; x_wconf 88' lang='lat' dir='ltr'>eben</span> <span class='ocrx_word' id='word_1_277' title='bbox 701 2752 758 2788; x_wconf 90' lang='lat' dir='ltr'>so</span> <span class='ocrx_word' id='word_1_278' title='bbox 777 2739 1210 2804; x_wconf 79' lang='lat' dir='ltr'>grosserRedner,</span> <span class='ocrx_word' id='word_1_279' title='bbox 1230 2739 1307 2791; x_wconf 80' lang='lat' dir='ltr'>als</span> <span class='ocrx_word' id='word_1_280' title='bbox 1319 2739 1518 2791; x_wconf 78' lang='lat' dir='ltr'>staats-</span> 
     </span>
     <span class='ocr_line' id='line_1_32' title="bbox 456 2805 1516 2871; baseline 0.002 -16"><span class='ocrx_word' id='word_1_281' title='bbox 456 2819 610 2855; x_wconf 75' lang='lat' dir='ltr'>mann</span> <span class='ocrx_word' id='word_1_282' title='bbox 627 2819 747 2867; x_wconf 85' lang='lat' dir='ltr'>war,</span> <span class='ocrx_word' id='word_1_283' title='bbox 759 2805 876 2856; x_wconf 82' lang='lat' dir='ltr'>darf</span> <span class='ocrx_word' id='word_1_284' title='bbox 885 2806 1025 2856; x_wconf 84' lang='lat' dir='ltr'>nicht</span> <span class='ocrx_word' id='word_1_285' title='bbox 1040 2807 1369 2871; x_wconf 86' lang='lat' dir='ltr'>geschlossen</span> <span class='ocrx_word' id='word_1_286' title='bbox 1385 2823 1516 2858; x_wconf 83' lang='lat' dir='ltr'>wer-</span> 
     </span>
     <span class='ocr_line' id='line_1_33' title="bbox 456 2872 1513 2940; baseline 0.004 -18"><span class='ocrx_word' id='word_1_287' title='bbox 456 2874 583 2934; x_wconf 88' lang='lat' dir='ltr'>den,</span> <span class='ocrx_word' id='word_1_288' title='bbox 619 2872 740 2924; x_wconf 79' lang='lat' dir='ltr'>dass</span> <span class='ocrx_word' id='word_1_289' title='bbox 766 2873 1070 2924; x_wconf 80' lang='lat' dir='ltr'>dasselbe</span> <span class='ocrx_word' id='word_1_290' title='bbox 1094 2874 1246 2940; x_wconf 86' lang='lat' dir='ltr'>Subj</span> <span class='ocrx_word' id='word_1_291' title='bbox 1263 2885 1386 2940; x_wconf 83' lang='lat' dir='ltr'>ect,</span> <span class='ocrx_word' id='word_1_292' title='bbox 1420 2876 1513 2927; x_wconf 81' lang='lat' dir='ltr'>das</span> 
     </span>
     <span class='ocr_line' id='line_1_34' title="bbox 457 2940 1512 3011; baseline 0.001 -20"><span class='ocrx_word' id='word_1_293' title='bbox 457 2940 541 2991; x_wconf 87' lang='lat' dir='ltr'>die</span> <span class='ocrx_word' id='word_1_294' title='bbox 575 2941 688 2990; x_wconf 88' lang='lat' dir='ltr'>eine</span> <span class='ocrx_word' id='word_1_295' title='bbox 708 2940 873 2991; x_wconf 86' lang='lat' dir='ltr'>Kunst</span> <span class='ocrx_word' id='word_1_296' title='bbox 894 2943 1112 3007; x_wconf 83' lang='lat' dir='ltr'>besitze‚</span> <span class='ocrx_word' id='word_1_297' title='bbox 1149 2957 1208 2994; x_wconf 91' lang='lat' dir='ltr'>eo</span> <span class='ocrx_word' id='word_1_298' title='bbox 1241 2944 1354 3011; x_wconf 91' lang='lat' dir='ltr'>ipso</span> <span class='ocrx_word' id='word_1_299' title='bbox 1379 2942 1512 2995; x_wconf 83' lang='lat' dir='ltr'>auch</span> 
     </span>
     <span class='ocr_line' id='line_1_35' title="bbox 459 3008 924 3060; baseline 0.002 -2"><span class='ocrx_word' id='word_1_300' title='bbox 459 3008 543 3058; x_wconf 89' lang='lat' dir='ltr'>die</span> <span class='ocrx_word' id='word_1_301' title='bbox 565 3008 754 3059; x_wconf 79' lang='lat' dir='ltr'>andere</span> <span class='ocrx_word' id='word_1_302' title='bbox 775 3008 924 3060; x_wconf 80' lang='lat' dir='ltr'>habe.</span> 
     </span>
    </p>

    <p class='ocr_par' dir='ltr' id='par_1_10' title="bbox 453 3076 1516 4295">
     <span class='ocr_line' id='line_1_36' title="bbox 521 3076 1514 3144; baseline 0.002 -18"><span class='ocrx_word' id='word_1_303' title='bbox 521 3084 616 3127; x_wconf 82' lang='lat'><strong>21⁷.</strong></span> <span class='ocrx_word' id='word_1_304' title='bbox 642 3076 831 3128; x_wconf 75' lang='lat' dir='ltr'>Namsi</span> <span class='ocrx_word' id='word_1_305' title='bbox 846 3084 902 3128; x_wconf 78' lang='lat' dir='ltr'>ut</span> <span class='ocrx_word' id='word_1_306' title='bbox 919 3079 1146 3144; x_wconf 75' lang='lat' dir='ltr'>quisque.</span> <span class='ocrx_word' id='word_1_307' title='bbox 1173 3077 1242 3129; x_wconf 88' lang='lat' dir='ltr'>So</span> <span class='ocrx_word' id='word_1_308' title='bbox 1254 3079 1372 3128; x_wconf 88' lang='lat' dir='ltr'>sind</span> <span class='ocrx_word' id='word_1_309' title='bbox 1384 3078 1514 3128; x_wconf 80' lang='lat' dir='ltr'>uach</span> 
     </span>
     <span class='ocr_line' id='line_1_37' title="bbox 455 3144 1516 3212; baseline 0.003 -18"><span class='ocrx_word' id='word_1_310' title='bbox 455 3144 705 3210; x_wconf 75' lang='lat' dir='ltr'>Analogie</span> <span class='ocrx_word' id='word_1_311' title='bbox 725 3144 942 3195; x_wconf 79' lang='lat' dir='ltr'>audet-er</span> <span class='ocrx_word' id='word_1_312' title='bbox 962 3144 1213 3212; x_wconf 88' lang='lat' dir='ltr'>Beispiele</span> <span class='ocrx_word' id='word_1_313' title='bbox 1237 3147 1319 3196; x_wconf 89' lang='lat' dir='ltr'>die</span> <span class='ocrx_word' id='word_1_314' title='bbox 1336 3146 1516 3197; x_wconf 87' lang='lat' dir='ltr'>Worte</span> 
     </span>
     <span class='ocr_line' id='line_1_38' title="bbox 459 3211 1512 3280; baseline 0.003 -18"><span class='ocrx_word' id='word_1_315' title='bbox 459 3228 523 3263; x_wconf 81' lang='lat' dir='ltr'>zu</span> <span class='ocrx_word' id='word_1_316' title='bbox 547 3211 746 3276; x_wconf 88' lang='lat' dir='ltr'>stellen,</span> <span class='ocrx_word' id='word_1_317' title='bbox 767 3219 889 3263; x_wconf 82' lang='lat' dir='ltr'>statt</span> <span class='ocrx_word' id='word_1_318' title='bbox 906 3214 950 3263; x_wconf 90' lang='lat' dir='ltr'>si</span> <span class='ocrx_word' id='word_1_319' title='bbox 968 3214 1183 3279; x_wconf 83' lang='lat' dir='ltr'>quisque</span> <span class='ocrx_word' id='word_1_320' title='bbox 1200 3222 1254 3264; x_wconf 84' lang='lat' dir='ltr'>ut</span> <span class='ocrx_word' id='word_1_321' title='bbox 1274 3214 1512 3280; x_wconf 72' lang='lat' dir='ltr'>(Na‘gels-</span> 
     </span>
     <span class='ocr_line' id='line_1_39' title="bbox 456 3278 1514 3347; baseline 0.001 -16"><span class='ocrx_word' id='word_1_322' title='bbox 456 3279 587 3331; x_wconf 85' lang='lat' dir='ltr'>bach</span> <span class='ocrx_word' id='word_1_323' title='bbox 609 3280 719 3330; x_wconf 85' lang='lat' dir='ltr'>Lat.</span> <span class='ocrx_word' id='word_1_324' title='bbox 740 3278 856 3331; x_wconf 89' lang='lat' dir='ltr'>Stil.</span> <span class='ocrx_word' id='word_1_325' title='bbox 881 3278 913 3346; x_wconf 79' lang='lat' dir='ltr'>S</span> <span class='ocrx_word' id='word_1_326' title='bbox 935 3279 1019 3344; x_wconf 83' lang='lat'>92,</span> <span class='ocrx_word' id='word_1_327' title='bbox 1042 3282 1114 3347; x_wconf 84' lang='grc'>4).</span> <span class='ocrx_word' id='word_1_328' title='bbox 1149 3283 1196 3334; x_wconf 77' lang='lat' dir='ltr'>ie</span> <span class='ocrx_word' id='word_1_329' title='bbox 1211 3297 1288 3334; x_wconf 88' lang='lat' dir='ltr'>wo</span> <span class='ocrx_word' id='word_1_330' title='bbox 1308 3297 1426 3333; x_wconf 83' lang='lat' dir='ltr'>man</span> <span class='ocrx_word' id='word_1_331' title='bbox 1444 3284 1514 3332; x_wconf 78' lang='lat' dir='ltr'>ita</span> 
     </span>
     <span class='ocr_line' id='line_1_40' title="bbox 457 3345 1513 3417; baseline 0.003 -19"><span class='ocrx_word' id='word_1_332' title='bbox 457 3356 687 3399; x_wconf 79' lang='lat' dir='ltr'>erwartet</span> <span class='ocrx_word' id='word_1_333' title='bbox 710 3345 784 3415; x_wconf 91' lang='grc' dir='ltr'>(ΙΙ</span> <span class='ocrx_word' id='word_1_334' title='bbox 807 3348 872 3399; x_wconf 90' lang='grc'>77</span> <span class='ocrx_word' id='word_1_335' title='bbox 887 3386 901 3411; x_wconf 89' lang='grc'><em>,</em></span> <span class='ocrx_word' id='word_1_336' title='bbox 926 3348 1027 3415; x_wconf 80' lang='grc'>313)</span> <span class='ocrx_word' id='word_1_337' title='bbox 1043 3388 1057 3416; x_wconf 87' lang='grc'>,</span> <span class='ocrx_word' id='word_1_338' title='bbox 1084 3350 1218 3401; x_wconf 81' lang='lat' dir='ltr'>steht</span> <span class='ocrx_word' id='word_1_339' title='bbox 1240 3352 1427 3417; x_wconf 79' lang='lat' dir='ltr'>gerade</span> <span class='ocrx_word' id='word_1_340' title='bbox 1454 3366 1513 3402; x_wconf 89' lang='lat' dir='ltr'>so</span> 
     </span>
     <span class='ocr_line' id='line_1_41' title="bbox 455 3416 1516 3483; baseline 0.004 -17"><span class='ocrx_word' id='word_1_341' title='bbox 455 3417 519 3466; x_wconf 91' lang='lat' dir='ltr'>de</span> <span class='ocrx_word' id='word_1_342' title='bbox 543 3416 628 3468; x_wconf 84' lang='lat' dir='ltr'>off.</span> <span class='ocrx_word' id='word_1_343' title='bbox 657 3419 679 3468; x_wconf 90' lang='grc' dir='ltr'><strong>Ι</strong></span> <span class='ocrx_word' id='word_1_344' title='bbox 700 3416 750 3479; x_wconf 82' lang='grc'>5,</span> <span class='ocrx_word' id='word_1_345' title='bbox 773 3425 823 3468; x_wconf 81' lang='lat'>16</span> <span class='ocrx_word' id='word_1_346' title='bbox 844 3425 901 3467; x_wconf 84' lang='lat' dir='ltr'>ut</span> <span class='ocrx_word' id='word_1_347' title='bbox 924 3419 1058 3469; x_wconf 86' lang='lat' dir='ltr'>enim</span> <span class='ocrx_word' id='word_1_348' title='bbox 1072 3420 1285 3483; x_wconf 88' lang='lat' dir='ltr'>quisque</span> <span class='ocrx_word' id='word_1_349' title='bbox 1295 3419 1516 3470; x_wconf 83' lang='lat' dir='ltr'>maxime</span> 
     </span>
     <span class='ocr_line' id='line_1_42' title="bbox 456 3486 1516 3552; baseline 0.003 -18"><span class='ocrx_word' id='word_1_350' title='bbox 456 3486 700 3551; x_wconf 82' lang='lat' dir='ltr'>perspicit</span> <span class='ocrx_word' id='word_1_351' title='bbox 732 3511 800 3523; x_wconf 91' lang='lat'>—</span> <span class='ocrx_word' id='word_1_352' title='bbox 823 3486 867 3536; x_wconf 88' lang='lat' dir='ltr'>is</span> <span class='ocrx_word' id='word_1_353' title='bbox 890 3487 1317 3552; x_wconf 84' lang='lat' dir='ltr'>prudentissimus</span> <span class='ocrx_word' id='word_1_354' title='bbox 1340 3486 1516 3539; x_wconf 83' lang='lat' dir='ltr'>haberi</span> 
     </span>
     <span class='ocr_line' id='line_1_43' title="bbox 453 3552 1513 3619; baseline 0.004 -18"><span class='ocrx_word' id='word_1_355' title='bbox 453 3552 600 3602; x_wconf 83' lang='lat' dir='ltr'>solet.</span> <span class='ocrx_word' id='word_1_356' title='bbox 628 3553 966 3619; x_wconf 87' lang='lat' dir='ltr'>‘Dennwenn,</span> <span class='ocrx_word' id='word_1_357' title='bbox 981 3570 1038 3605; x_wconf 91' lang='lat' dir='ltr'>so</span> <span class='ocrx_word' id='word_1_358' title='bbox 1058 3555 1153 3605; x_wconf 84' lang='lat' dir='ltr'>wie</span> <span class='ocrx_word' id='word_1_359' title='bbox 1171 3556 1312 3605; x_wconf 88' lang='lat' dir='ltr'>einer</span> <span class='ocrx_word' id='word_1_360' title='bbox 1330 3556 1513 3606; x_wconf 82' lang='lat' dir='ltr'>einmal</span> 
     </span>
     <span class='ocr_line' id='line_1_44' title="bbox 454 3620 1515 3675; baseline 0.006 -6"><span class='ocrx_word' id='word_1_361' title='bbox 454 3634 633 3670; x_wconf 78' lang='lat' dir='ltr'>ausser</span> <span class='ocrx_word' id='word_1_362' title='bbox 650 3620 739 3671; x_wconf 90' lang='lat' dir='ltr'>der</span> <span class='ocrx_word' id='word_1_363' title='bbox 760 3622 1061 3674; x_wconf 70' lang='lat' dir='ltr'>Virtuositfit</span> <span class='ocrx_word' id='word_1_364' title='bbox 1084 3624 1135 3673; x_wconf 90' lang='lat' dir='ltr'>in</span> <span class='ocrx_word' id='word_1_365' title='bbox 1160 3625 1331 3675; x_wconf 87' lang='lat' dir='ltr'>seiner</span> <span class='ocrx_word' id='word_1_366' title='bbox 1351 3624 1515 3675; x_wconf 84' lang='lat' dir='ltr'>Kunst</span> 
     </span>
     <span class='ocr_line' id='line_1_45' title="bbox 455 3686 1512 3744; baseline 0.006 -7"><span class='ocrx_word' id='word_1_367' title='bbox 455 3686 588 3738; x_wconf 87' lang='lat' dir='ltr'>noch</span> <span class='ocrx_word' id='word_1_368' title='bbox 614 3689 725 3739; x_wconf 88' lang='lat' dir='ltr'>eine</span> <span class='ocrx_word' id='word_1_369' title='bbox 748 3690 1107 3743; x_wconf 83' lang='lat' dir='ltr'>audereKunst</span> <span class='ocrx_word' id='word_1_370' title='bbox 1129 3692 1261 3744; x_wconf 82' lang='lat' dir='ltr'>dazu</span> <span class='ocrx_word' id='word_1_371' title='bbox 1285 3691 1393 3742; x_wconf 87' lang='lat' dir='ltr'>sich</span> <span class='ocrx_word' id='word_1_372' title='bbox 1415 3708 1512 3743; x_wconf 86' lang='lat' dir='ltr'>an·</span> 
     </span>
     <span class='ocr_line' id='line_1_46' title="bbox 455 3756 1513 3821; baseline 0.005 -16"><span class='ocrx_word' id='word_1_373' title='bbox 455 3757 692 3821; x_wconf 79' lang='lat' dir='ltr'>geeignet</span> <span class='ocrx_word' id='word_1_374' title='bbox 722 3756 834 3818; x_wconf 81' lang='lat' dir='ltr'>hat,</span> <span class='ocrx_word' id='word_1_375' title='bbox 871 3758 1040 3809; x_wconf 83' lang='lat' dir='ltr'>dieser</span> <span class='ocrx_word' id='word_1_376' title='bbox 1074 3760 1232 3810; x_wconf 79' lang='lat' dir='ltr'>demit</span> <span class='ocrx_word' id='word_1_377' title='bbox 1256 3758 1513 3811; x_wconf 89' lang='lat' dir='ltr'>erreichen</span> 
     </span>
     <span class='ocr_line' id='line_1_47' title="bbox 456 3817 1509 3894; baseline 0.005 -21"><span class='ocrx_word' id='word_1_378' title='bbox 456 3822 548 3874; x_wconf 84' lang='lat' dir='ltr'>soll</span> <span class='ocrx_word' id='word_1_379' title='bbox 561 3860 576 3886; x_wconf 90' lang='lat'>‚</span> <span class='ocrx_word' id='word_1_380' title='bbox 620 3824 739 3875; x_wconf 89' lang='lat' dir='ltr'>dass</span> <span class='ocrx_word' id='word_1_381' title='bbox 773 3825 941 3876; x_wconf 88' lang='lat' dir='ltr'>dieses</span> <span class='ocrx_word' id='word_1_382' title='bbox 983 3817 1270 3894; x_wconf 74' lang='grc' dir='ltr'>πάρεργον</span> <span class='ocrx_word' id='word_1_383' title='bbox 1310 3828 1385 3879; x_wconf 83' lang='lat' dir='ltr'>als</span> <span class='ocrx_word' id='word_1_384' title='bbox 1428 3829 1509 3878; x_wconf 87' lang='lat' dir='ltr'>ein</span> 
     </span>
     <span class='ocr_line' id='line_1_48' title="bbox 455 3891 1508 3959; baseline 0.005 -17"><span class='ocrx_word' id='word_1_385' title='bbox 455 3891 804 3944; x_wconf 84' lang='lat' dir='ltr'>wesentliches</span> <span class='ocrx_word' id='word_1_386' title='bbox 827 3892 983 3944; x_wconf 83' lang='lat' dir='ltr'>Stiick</span> <span class='ocrx_word' id='word_1_387' title='bbox 1010 3895 1118 3945; x_wconf 90' lang='lat' dir='ltr'>der</span> <span class='ocrx_word' id='word_1_388' title='bbox 1134 3896 1321 3959; x_wconf 88' lang='lat' dir='ltr'>Kunst,</span> <span class='ocrx_word' id='word_1_389' title='bbox 1350 3897 1508 3947; x_wconf 88' lang='lat' dir='ltr'>worin</span> 
     </span>
     <span class='ocr_line' id='line_1_49' title="bbox 456 3960 1507 4027; baseline 0.008 -20"><span class='ocrx_word' id='word_1_390' title='bbox 456 3974 511 4008; x_wconf 90' lang='lat' dir='ltr'>er</span> <span class='ocrx_word' id='word_1_391' title='bbox 533 3960 741 4012; x_wconf 83' lang='lat' dir='ltr'>Virtuos</span> <span class='ocrx_word' id='word_1_392' title='bbox 764 3962 853 4021; x_wconf 82' lang='lat' dir='ltr'>ist,</span> <span class='ocrx_word' id='word_1_393' title='bbox 880 3962 1170 4027; x_wconf 85' lang='lat' dir='ltr'>angesehen</span> <span class='ocrx_word' id='word_1_394' title='bbox 1194 3964 1344 4024; x_wconf 85' lang='lat' dir='ltr'>wird‚</span> <span class='ocrx_word' id='word_1_395' title='bbox 1372 3965 1507 4015; x_wconf 85' lang='lat' dir='ltr'>daun</span> 
     </span>
     <span class='ocr_line' id='line_1_50' title="bbox 456 4025 1512 4084; baseline 0.007 -8"><span class='ocrx_word' id='word_1_396' title='bbox 456 4025 634 4077; x_wconf 84' lang='lat' dir='ltr'>diirfen</span> <span class='ocrx_word' id='word_1_397' title='bbox 677 4029 769 4079; x_wconf 84' lang='lat' dir='ltr'>wir</span> <span class='ocrx_word' id='word_1_398' title='bbox 809 4029 938 4079; x_wconf 82' lang='lat' dir='ltr'>nach</span> <span class='ocrx_word' id='word_1_399' title='bbox 982 4030 1177 4081; x_wconf 79' lang='lat' dir='ltr'>diesem</span> <span class='ocrx_word' id='word_1_400' title='bbox 1225 4033 1512 4084; x_wconf 83' lang='lat' dir='ltr'>Grundsatz</span> 
     </span>
     <span class='ocr_line' id='line_1_51' title="bbox 453 4092 1512 4161; baseline 0.01 -20"><span class='ocrx_word' id='word_1_401' title='bbox 453 4092 584 4143; x_wconf 81' lang='lat' dir='ltr'>auch</span> <span class='ocrx_word' id='word_1_402' title='bbox 607 4094 784 4161; x_wconf 80' lang='lat' dir='ltr'>sagen’</span> <span class='ocrx_word' id='word_1_403' title='bbox 810 4113 861 4148; x_wconf 91' lang='lat' dir='ltr'>u.</span> <span class='ocrx_word' id='word_1_404' title='bbox 888 4112 931 4148; x_wconf 85' lang='lat' dir='ltr'>s.</span> <span class='ocrx_word' id='word_1_405' title='bbox 957 4114 1017 4149; x_wconf 90' lang='grc' dir='ltr'>π.</span> <span class='ocrx_word' id='word_1_406' title='bbox 1065 4100 1175 4150; x_wconf 87' lang='lat' dir='ltr'>Aus</span> <span class='ocrx_word' id='word_1_407' title='bbox 1202 4101 1291 4151; x_wconf 90' lang='lat' dir='ltr'>der</span> <span class='ocrx_word' id='word_1_408' title='bbox 1312 4103 1512 4152; x_wconf 86' lang='lat' dir='ltr'>Absur-</span> 
     </span>
     <span class='ocr_line' id='line_1_52' title="bbox 456 4159 1509 4235; baseline 0.011 -26"><span class='ocrx_word' id='word_1_409' title='bbox 456 4159 583 4210; x_wconf 72' lang='lat' dir='ltr'>ditat</span> <span class='ocrx_word' id='word_1_410' title='bbox 605 4161 772 4212; x_wconf 82' lang='lat' dir='ltr'>dieser</span> <span class='ocrx_word' id='word_1_411' title='bbox 795 4164 1127 4228; x_wconf 84' lang='lat' dir='ltr'>Consequenz</span> <span class='ocrx_word' id='word_1_412' title='bbox 1151 4167 1277 4235; x_wconf 79' lang='lat' dir='ltr'>folgt</span> <span class='ocrx_word' id='word_1_413' title='bbox 1302 4170 1383 4220; x_wconf 87' lang='lat' dir='ltr'>die</span> <span class='ocrx_word' id='word_1_414' title='bbox 1403 4169 1509 4221; x_wconf 85' lang='lat' dir='ltr'>Un-</span> 
     </span>
     <span class='ocr_line' id='line_1_53' title="bbox 455 4225 1160 4295; baseline 0.014 -19"><span class='ocrx_word' id='word_1_415' title='bbox 455 4225 742 4295; x_wconf 78' lang='lat' dir='ltr'>richtigkeit</span> <span class='ocrx_word' id='word_1_416' title='bbox 764 4231 855 4282; x_wconf 82' lang='lat' dir='ltr'>der</span> <span class='ocrx_word' id='word_1_417' title='bbox 877 4233 1160 4288; x_wconf 75' lang='lat' dir='ltr'>Annahme.</span> 
     </span>
    </p>
   </div>
   <div class='ocr_carea' id='block_1_7' title="bbox 1609 2468 2671 4292">
    <p class='ocr_par' dir='ltr' id='par_1_11' title="bbox 1614 2468 1834 2535">
     <span class='ocr_line' id='line_1_54' title="bbox 1614 2468 1834 2535; baseline 0 -16"><span class='ocrx_word' id='word_1_418' title='bbox 1614 2468 1834 2535; x_wconf 83' lang='lat' dir='ltr'>scriptis.</span> 
     </span>
    </p>

    <p class='ocr_par' dir='ltr' id='par_1_12' title="bbox 1612 2536 2671 3419">
     <span class='ocr_line' id='line_1_55' title="bbox 1680 2536 2670 2603; baseline -0.002 -14"><span class='ocrx_word' id='word_1_419' title='bbox 1680 2539 1813 2589; x_wconf 70' lang='lat' dir='ltr'>sicut</span> <span class='ocrx_word' id='word_1_420' title='bbox 1830 2538 2069 2603; x_wconf 72' lang='lat' dir='ltr'>propria.</span> <span class='ocrx_word' id='word_1_421' title='bbox 2128 2536 2282 2588; x_wconf 80' lang='lat' dir='ltr'>Datin</span> <span class='ocrx_word' id='word_1_422' title='bbox 2305 2538 2391 2603; x_wconf 76' lang='lat' dir='ltr'>lag</span> <span class='ocrx_word' id='word_1_423' title='bbox 2412 2537 2542 2588; x_wconf 85' lang='lat' dir='ltr'>nach</span> <span class='ocrx_word' id='word_1_424' title='bbox 2560 2539 2670 2588; x_wconf 83' lang='lat' dir='ltr'>Au-</span> 
     </span>
     <span class='ocr_line' id='line_1_56' title="bbox 1617 2604 2671 2670; baseline 0 -15"><span class='ocrx_word' id='word_1_425' title='bbox 1617 2606 1786 2656; x_wconf 84' lang='lat' dir='ltr'>tonius</span> <span class='ocrx_word' id='word_1_426' title='bbox 1809 2604 2025 2657; x_wconf 83' lang='lat' dir='ltr'>Ansicht</span> <span class='ocrx_word' id='word_1_427' title='bbox 2051 2606 2133 2656; x_wconf 89' lang='lat' dir='ltr'>die</span> <span class='ocrx_word' id='word_1_428' title='bbox 2156 2605 2557 2670; x_wconf 81' lang='lat' dir='ltr'>Uebertreibuug</span> <span class='ocrx_word' id='word_1_429' title='bbox 2580 2606 2671 2656; x_wconf 88' lang='lat' dir='ltr'>der</span> 
     </span>
     <span class='ocr_line' id='line_1_57' title="bbox 1617 2673 2671 2740; baseline 0.001 -18"><span class='ocrx_word' id='word_1_430' title='bbox 1617 2673 1956 2740; x_wconf 85' lang='lat' dir='ltr'>Philosophen</span> <span class='ocrx_word' id='word_1_431' title='bbox 1972 2712 1986 2736; x_wconf 92' lang='lat'>,</span> <span class='ocrx_word' id='word_1_432' title='bbox 2012 2673 2151 2724; x_wconf 84' lang='lat' dir='ltr'>nicht</span> <span class='ocrx_word' id='word_1_433' title='bbox 2174 2689 2270 2724; x_wconf 90' lang='lat' dir='ltr'>nur</span> <span class='ocrx_word' id='word_1_434' title='bbox 2287 2674 2408 2724; x_wconf 84' lang='lat' dir='ltr'>dass</span> <span class='ocrx_word' id='word_1_435' title='bbox 2429 2674 2503 2724; x_wconf 90' lang='lat' dir='ltr'>sie</span> <span class='ocrx_word' id='word_1_436' title='bbox 2520 2674 2671 2724; x_wconf 86' lang='lat' dir='ltr'>iiber-</span> 
     </span>
     <span class='ocr_line' id='line_1_58' title="bbox 1617 2740 2670 2809; baseline 0 -18"><span class='ocrx_word' id='word_1_437' title='bbox 1617 2740 1778 2809; x_wconf 84' lang='lat' dir='ltr'>haupt</span> <span class='ocrx_word' id='word_1_438' title='bbox 1791 2743 1835 2791; x_wconf 87' lang='lat' dir='ltr'><strong>A</strong></span> <span class='ocrx_word' id='word_1_439' title='bbox 1846 2741 1888 2791; x_wconf 95' lang='grc'>11</span> <span class='ocrx_word' id='word_1_440' title='bbox 1904 2756 1966 2792; x_wconf 88' lang='lat' dir='ltr'>es</span> <span class='ocrx_word' id='word_1_441' title='bbox 1988 2742 2211 2792; x_wconf 81' lang='lat' dir='ltr'>besitzen</span> <span class='ocrx_word' id='word_1_442' title='bbox 2224 2741 2439 2804; x_wconf 82' lang='lat' dir='ltr'>wollten,</span> <span class='ocrx_word' id='word_1_443' title='bbox 2451 2742 2670 2792; x_wconf 84' lang='lat' dir='ltr'>sondern</span> 
     </span>
     <span class='ocr_line' id='line_1_59' title="bbox 1617 2808 2670 2875; baseline -0.001 -15"><span class='ocrx_word' id='word_1_444' title='bbox 1617 2809 1736 2860; x_wconf 80' lang='lat' dir='ltr'>dass</span> <span class='ocrx_word' id='word_1_445' title='bbox 1760 2811 1835 2859; x_wconf 89' lang='lat' dir='ltr'>sie</span> <span class='ocrx_word' id='word_1_446' title='bbox 1846 2809 1983 2861; x_wconf 83' lang='lat' dir='ltr'>Alles</span> <span class='ocrx_word' id='word_1_447' title='bbox 1995 2809 2129 2875; x_wconf 85' lang='lat' dir='ltr'>(also</span> <span class='ocrx_word' id='word_1_448' title='bbox 2147 2810 2278 2861; x_wconf 79' lang='lat' dir='ltr'>auch</span> <span class='ocrx_word' id='word_1_449' title='bbox 2296 2810 2522 2874; x_wconf 78' lang='lat' dir='ltr'>das‚was</span> <span class='ocrx_word' id='word_1_450' title='bbox 2541 2808 2670 2860; x_wconf 81' lang='lat' dir='ltr'>nach</span> 
     </span>
     <span class='ocr_line' id='line_1_60' title="bbox 1613 2876 2669 2944; baseline 0.001 -18"><span class='ocrx_word' id='word_1_451' title='bbox 1613 2876 1774 2927; x_wconf 89' lang='lat' dir='ltr'>ihrem</span> <span class='ocrx_word' id='word_1_452' title='bbox 1815 2878 2025 2943; x_wconf 84' lang='lat' dir='ltr'>eigenen</span> <span class='ocrx_word' id='word_1_453' title='bbox 2063 2878 2436 2944; x_wconf 66' lang='lat' dir='ltr'>Zugestfindnis</span> <span class='ocrx_word' id='word_1_454' title='bbox 2477 2877 2669 2928; x_wconf 79' lang='lat' dir='ltr'>andern</span> 
     </span>
     <span class='ocr_line' id='line_1_61' title="bbox 1612 2944 2667 3012; baseline 0.001 -18"><span class='ocrx_word' id='word_1_455' title='bbox 1612 2944 2051 2996; x_wconf 77' lang='lat' dir='ltr'>wissenschaften</span> <span class='ocrx_word' id='word_1_456' title='bbox 2095 2946 2203 2997; x_wconf 88' lang='lat' dir='ltr'>und</span> <span class='ocrx_word' id='word_1_457' title='bbox 2241 2946 2466 2997; x_wconf 83' lang='lat' dir='ltr'>Kiinsten</span> <span class='ocrx_word' id='word_1_458' title='bbox 2512 2960 2667 3012; x_wconf 75' lang='lat' dir='ltr'>ange·</span> 
     </span>
     <span class='ocr_line' id='line_1_62' title="bbox 1615 3011 2670 3079; baseline 0.002 -18"><span class='ocrx_word' id='word_1_459' title='bbox 1615 3011 1788 3078; x_wconf 71' lang='lat' dir='ltr'>horte)</span> <span class='ocrx_word' id='word_1_460' title='bbox 1821 3014 2055 3078; x_wconf 80' lang='lat' dir='ltr'>gerade</span> <span class='ocrx_word' id='word_1_461' title='bbox 2088 3029 2155 3065; x_wconf 88' lang='lat' dir='ltr'>so</span> <span class='ocrx_word' id='word_1_462' title='bbox 2189 3013 2270 3065; x_wconf 85' lang='lat' dir='ltr'>fiir</span> <span class='ocrx_word' id='word_1_463' title='bbox 2300 3014 2379 3064; x_wconf 90' lang='lat' dir='ltr'>ihr</span> <span class='ocrx_word' id='word_1_464' title='bbox 2402 3015 2670 3079; x_wconf 86' lang='lat' dir='ltr'>Eigentum</span> 
     </span>
     <span class='ocr_line' id='line_1_63' title="bbox 1617 3080 2670 3143; baseline 0.001 -13"><span class='ocrx_word' id='word_1_465' title='bbox 1617 3080 1893 3143; x_wconf 69' lang='lat' dir='ltr'>erklfirten,</span> <span class='ocrx_word' id='word_1_466' title='bbox 1931 3082 2025 3131; x_wconf 83' lang='lat' dir='ltr'>wie</span> <span class='ocrx_word' id='word_1_467' title='bbox 2050 3082 2167 3143; x_wconf 82' lang='lat' dir='ltr'>das,</span> <span class='ocrx_word' id='word_1_468' title='bbox 2203 3096 2306 3133; x_wconf 80' lang='lat' dir='ltr'>was</span> <span class='ocrx_word' id='word_1_469' title='bbox 2339 3081 2562 3133; x_wconf 80' lang='lat' dir='ltr'>wirklich</span> <span class='ocrx_word' id='word_1_470' title='bbox 2587 3080 2670 3131; x_wconf 87' lang='lat' dir='ltr'>ih·</span> 
     </span>
     <span class='ocr_line' id='line_1_64' title="bbox 1616 3147 2669 3216; baseline 0.002 -18"><span class='ocrx_word' id='word_1_471' title='bbox 1616 3164 1714 3198; x_wconf 89' lang='lat' dir='ltr'>nen</span> <span class='ocrx_word' id='word_1_472' title='bbox 1739 3147 1974 3214; x_wconf 74' lang='lat' dir='ltr'>gehiirte,</span> <span class='ocrx_word' id='word_1_473' title='bbox 2011 3150 2060 3201; x_wconf 87' lang='lat' dir='ltr'>d.</span> <span class='ocrx_word' id='word_1_474' title='bbox 2086 3149 2137 3202; x_wconf 87' lang='lat' dir='ltr'>h.</span> <span class='ocrx_word' id='word_1_475' title='bbox 2175 3151 2269 3201; x_wconf 84' lang='lat' dir='ltr'>wie</span> <span class='ocrx_word' id='word_1_476' title='bbox 2292 3151 2376 3202; x_wconf 87' lang='lat' dir='ltr'>die</span> <span class='ocrx_word' id='word_1_477' title='bbox 2400 3149 2669 3216; x_wconf 83' lang='lat' dir='ltr'>cigentlich</span> 
     </span>
     <span class='ocr_line' id='line_1_65' title="bbox 1614 3216 2671 3285; baseline 0.002 -19"><span class='ocrx_word' id='word_1_478' title='bbox 1614 3216 2063 3283; x_wconf 86' lang='lat' dir='ltr'>philosophischen</span> <span class='ocrx_word' id='word_1_479' title='bbox 2085 3218 2266 3285; x_wconf 85' lang='lat' dir='ltr'>Dinge.</span> <span class='ocrx_word' id='word_1_480' title='bbox 2323 3218 2525 3269; x_wconf 87' lang='lat' dir='ltr'>Ellendt</span> <span class='ocrx_word' id='word_1_481' title='bbox 2546 3217 2671 3268; x_wconf 87' lang='lat' dir='ltr'>hielt</span> 
     </span>
     <span class='ocr_line' id='line_1_66' title="bbox 1616 3284 2671 3353; baseline 0.003 -18"><span class='ocrx_word' id='word_1_482' title='bbox 1616 3284 1700 3335; x_wconf 90' lang='lat' dir='ltr'>die</span> <span class='ocrx_word' id='word_1_483' title='bbox 1722 3285 1901 3336; x_wconf 89' lang='lat' dir='ltr'>Worte</span> <span class='ocrx_word' id='word_1_484' title='bbox 1923 3285 2004 3336; x_wconf 78' lang='lat' dir='ltr'>fiir</span> <span class='ocrx_word' id='word_1_485' title='bbox 2028 3287 2107 3337; x_wconf 88' lang='lat' dir='ltr'>ein</span> <span class='ocrx_word' id='word_1_486' title='bbox 2127 3285 2386 3353; x_wconf 84' lang='lat' dir='ltr'>Glossem,</span> <span class='ocrx_word' id='word_1_487' title='bbox 2414 3287 2508 3339; x_wconf 83' lang='lat' dir='ltr'>das</span> <span class='ocrx_word' id='word_1_488' title='bbox 2533 3285 2671 3338; x_wconf 81' lang='lat' dir='ltr'>nicht</span> 
     </span>
     <span class='ocr_line' id='line_1_67' title="bbox 1616 3353 2176 3419; baseline 0.005 -16"><span class='ocrx_word' id='word_1_489' title='bbox 1616 3353 1668 3404; x_wconf 88' lang='lat' dir='ltr'>in</span> <span class='ocrx_word' id='word_1_490' title='bbox 1694 3353 1789 3404; x_wconf 89' lang='lat' dir='ltr'>deu</span> <span class='ocrx_word' id='word_1_491' title='bbox 1817 3355 1947 3404; x_wconf 84' lang='lat' dir='ltr'>Text</span> <span class='ocrx_word' id='word_1_492' title='bbox 1968 3354 2176 3419; x_wconf 61' lang='lat' dir='ltr'>gehere.</span> 
     </span>
    </p>

    <p class='ocr_par' dir='ltr' id='par_1_13' title="bbox 1610 3422 2670 4034">
     <span class='ocr_line' id='line_1_68' title="bbox 1682 3422 2670 3486; baseline 0.002 -13"><span class='ocrx_word' id='word_1_493' title='bbox 1682 3431 1777 3473; x_wconf 82' lang='lat'><strong>218.</strong></span> <span class='ocrx_word' id='word_1_494' title='bbox 1846 3423 2016 3475; x_wconf 81' lang='lat' dir='ltr'>ieiuna</span> <span class='ocrx_word' id='word_1_495' title='bbox 2069 3424 2274 3474; x_wconf 79' lang='lat' dir='ltr'>trocken</span> <span class='ocrx_word' id='word_1_496' title='bbox 2321 3424 2427 3474; x_wconf 86' lang='lat' dir='ltr'>und</span> <span class='ocrx_word' id='word_1_497' title='bbox 2472 3422 2670 3486; x_wconf 84' lang='lat' dir='ltr'>saftlos,</span> 
     </span>
     <span class='ocr_line' id='line_1_69' title="bbox 1615 3489 2668 3557; baseline 0.002 -17"><span class='ocrx_word' id='word_1_498' title='bbox 1615 3491 1752 3542; x_wconf 81' lang='lat' dir='ltr'>nuda</span> <span class='ocrx_word' id='word_1_499' title='bbox 1770 3489 1901 3540; x_wconf 86' lang='lat' dir='ltr'>ohne</span> <span class='ocrx_word' id='word_1_500' title='bbox 1913 3491 2256 3557; x_wconf 84' lang='lat' dir='ltr'>Einkleidung</span> <span class='ocrx_word' id='word_1_501' title='bbox 2271 3492 2378 3543; x_wconf 90' lang='lat' dir='ltr'>und</span> <span class='ocrx_word' id='word_1_502' title='bbox 2390 3491 2668 3551; x_wconf 83' lang='lat' dir='ltr'>Schmuck;</span> 
     </span>
     <span class='ocr_line' id='line_1_70' title="bbox 1610 3558 2667 3627; baseline 0.002 -19"><span class='ocrx_word' id='word_1_503' title='bbox 1610 3558 1782 3622; x_wconf 87' lang='lat' dir='ltr'>jenem</span> <span class='ocrx_word' id='word_1_504' title='bbox 1802 3559 2347 3626; x_wconf 86' lang='lat' dir='ltr'>entsprichtadspersa,</span> <span class='ocrx_word' id='word_1_505' title='bbox 2361 3563 2667 3627; x_wconf 62' lang='lat' dir='ltr'>augswern,</span> 
     </span>
     <span class='ocr_line' id='line_1_71' title="bbox 1614 3627 2668 3694; baseline 0.001 -18"><span class='ocrx_word' id='word_1_506' title='bbox 1614 3627 1707 3676; x_wconf 82' lang='lat' dir='ltr'>mit</span> <span class='ocrx_word' id='word_1_507' title='bbox 1747 3627 1844 3677; x_wconf 91' lang='lat' dir='ltr'>den</span> <span class='ocrx_word' id='word_1_508' title='bbox 1887 3628 2092 3694; x_wconf 73' lang='lat' dir='ltr'>notigeu</span> <span class='ocrx_word' id='word_1_509' title='bbox 2127 3628 2372 3678; x_wconf 83' lang='lat' dir='ltr'>Zuthaten</span> <span class='ocrx_word' id='word_1_510' title='bbox 2404 3627 2668 3688; x_wconf 85' lang='lat' dir='ltr'>versehen,</span> 
     </span>
     <span class='ocr_line' id='line_1_72' title="bbox 1615 3695 2667 3759; baseline 0.001 -14"><span class='ocrx_word' id='word_1_511' title='bbox 1615 3695 1808 3746; x_wconf 82' lang='lat' dir='ltr'>diesem</span> <span class='ocrx_word' id='word_1_512' title='bbox 1832 3695 2083 3759; x_wconf 79' lang='lat' dir='ltr'>distincta,</span> <span class='ocrx_word' id='word_1_513' title='bbox 2145 3695 2450 3758; x_wconf 82' lang='lat' dir='ltr'>eschmiickt,</span> <span class='ocrx_word' id='word_1_514' title='bbox 2469 3697 2564 3747; x_wconf 84' lang='lat' dir='ltr'>wie</span> <span class='ocrx_word' id='word_1_515' title='bbox 2587 3697 2667 3746; x_wconf 88' lang='lat' dir='ltr'>ein</span> 
     </span>
     <span class='ocr_line' id='line_1_73' title="bbox 1613 3763 2670 3828; baseline 0.001 -16"><span class='ocrx_word' id='word_1_516' title='bbox 1613 3763 1752 3828; x_wconf 83' lang='lat' dir='ltr'>reich</span> <span class='ocrx_word' id='word_1_517' title='bbox 1792 3765 2062 3815; x_wconf 82' lang='lat' dir='ltr'>verziertes</span> <span class='ocrx_word' id='word_1_518' title='bbox 2148 3765 2351 3828; x_wconf 85' lang='lat' dir='ltr'>ewand,</span> <span class='ocrx_word' id='word_1_519' title='bbox 2411 3765 2503 3816; x_wconf 85' lang='lat' dir='ltr'>das</span> <span class='ocrx_word' id='word_1_520' title='bbox 2549 3765 2670 3815; x_wconf 83' lang='lat' dir='ltr'>aber</span> 
     </span>
     <span class='ocr_line' id='line_1_74' title="bbox 1613 3830 2668 3898; baseline 0 -17"><span class='ocrx_word' id='word_1_521' title='bbox 1613 3830 1742 3882; x_wconf 89' lang='lat' dir='ltr'>doch</span> <span class='ocrx_word' id='word_1_522' title='bbox 1767 3831 1898 3882; x_wconf 87' lang='lat' dir='ltr'>noch</span> <span class='ocrx_word' id='word_1_523' title='bbox 1922 3830 2118 3882; x_wconf 80' lang='lat' dir='ltr'>einfach</span> <span class='ocrx_word' id='word_1_524' title='bbox 2142 3833 2314 3892; x_wconf 81' lang='lat' dir='ltr'>bleibt,</span> <span class='ocrx_word' id='word_1_525' title='bbox 2335 3833 2457 3885; x_wconf 89' lang='lat' dir='ltr'>oder</span> <span class='ocrx_word' id='word_1_526' title='bbox 2478 3833 2668 3898; x_wconf 83' lang='lat' dir='ltr'>wenig-</span> 
     </span>
     <span class='ocr_line' id='line_1_75' title="bbox 1611 3899 2669 3967; baseline 0.004 -19"><span class='ocrx_word' id='word_1_527' title='bbox 1611 3907 1752 3950; x_wconf 84' lang='lat' dir='ltr'>stens</span> <span class='ocrx_word' id='word_1_528' title='bbox 1800 3899 1941 3950; x_wconf 84' lang='lat' dir='ltr'>nicht</span> <span class='ocrx_word' id='word_1_529' title='bbox 1994 3915 2059 3949; x_wconf 83' lang='lat' dir='ltr'>an</span> <span class='ocrx_word' id='word_1_530' title='bbox 2107 3901 2462 3967; x_wconf 82' lang='lat' dir='ltr'>Ueberladuug</span> <span class='ocrx_word' id='word_1_531' title='bbox 2517 3901 2669 3952; x_wconf 83' lang='lat' dir='ltr'>leidet</span> 
     </span>
     <span class='ocr_line' id='line_1_76' title="bbox 1615 3964 1911 4034; baseline 0.01 -18"><span class='ocrx_word' id='word_1_532' title='bbox 1615 3964 1911 4034; x_wconf 86' lang='lat' dir='ltr'>(iucunda).</span> 
     </span>
    </p>

    <p class='ocr_par' dir='ltr' id='par_1_14' title="bbox 1609 4033 2669 4292">
     <span class='ocr_line' id='line_1_77' title="bbox 1681 4033 2665 4103; baseline -0.001 -17"><span class='ocrx_word' id='word_1_533' title='bbox 1681 4036 1891 4095; x_wconf 78' lang='lat' dir='ltr'>libasse,</span> <span class='ocrx_word' id='word_1_534' title='bbox 1940 4036 1970 4099; x_wconf 64' lang='grc' dir='ltr'>ὅ</span> <span class='ocrx_word' id='word_1_535' title='bbox 1996 4033 2113 4088; x_wconf 84' lang='grc'><strong>159.</strong></span> <span class='ocrx_word' id='word_1_536' title='bbox 2170 4039 2222 4088; x_wconf 82' lang='lat' dir='ltr'>in</span> <span class='ocrx_word' id='word_1_537' title='bbox 2246 4037 2474 4103; x_wconf 57' lang='lat' dir='ltr'>ituenda,</span> <span class='ocrx_word' id='word_1_538' title='bbox 2506 4035 2665 4087; x_wconf 81' lang='lat' dir='ltr'>nach-</span> 
     </span>
     <span class='ocr_line' id='line_1_78' title="bbox 1613 4102 2669 4172; baseline 0.002 -19"><span class='ocrx_word' id='word_1_539' title='bbox 1613 4102 1871 4153; x_wconf 79' lang='lat' dir='ltr'>driicklich</span> <span class='ocrx_word' id='word_1_540' title='bbox 1898 4105 1998 4155; x_wconf 89' lang='lat' dir='ltr'>‘bei</span> <span class='ocrx_word' id='word_1_541' title='bbox 2021 4106 2111 4155; x_wconf 91' lang='lat' dir='ltr'>der</span> <span class='ocrx_word' id='word_1_542' title='bbox 2133 4105 2540 4172; x_wconf 81' lang='lat' dir='ltr'>Verhandlung&#39;;</span> <span class='ocrx_word' id='word_1_543' title='bbox 2576 4105 2669 4155; x_wconf 86' lang='lat' dir='ltr'>da-</span> 
     </span>
     <span class='ocr_line' id='line_1_79' title="bbox 1611 4170 2668 4241; baseline 0.005 -21"><span class='ocrx_word' id='word_1_544' title='bbox 1611 4170 1692 4220; x_wconf 79' lang='lat' dir='ltr'>ffir</span> <span class='ocrx_word' id='word_1_545' title='bbox 1737 4172 1859 4222; x_wconf 83' lang='lat' dir='ltr'>aber</span> <span class='ocrx_word' id='word_1_546' title='bbox 1903 4174 2039 4225; x_wconf 80' lang='lat' dir='ltr'>kann</span> <span class='ocrx_word' id='word_1_547' title='bbox 2089 4189 2144 4223; x_wconf 90' lang='lat' dir='ltr'>er</span> <span class='ocrx_word' id='word_1_548' title='bbox 2190 4174 2299 4223; x_wconf 85' lang='lat' dir='ltr'>sich</span> <span class='ocrx_word' id='word_1_549' title='bbox 2341 4173 2555 4241; x_wconf 74' lang='lat' dir='ltr'>gehiirig</span> <span class='ocrx_word' id='word_1_550' title='bbox 2588 4174 2668 4225; x_wconf 88' lang='lat' dir='ltr'>in·</span> 
     </span>
     <span class='ocr_line' id='line_1_80' title="bbox 1609 4240 1878 4292; baseline 0.011 -3"><span class='ocrx_word' id='word_1_551' title='bbox 1609 4240 1878 4292; x_wconf 82' lang='lat' dir='ltr'>struieren.</span> 
     </span>
    </p>
   </div>
  </div>
 </body>
</html>
