2930 4693
425 229 507 291 40
1019 223 1116 287 DE
1147 223 1502 287 ORATORE
1531 222 1558 286 1
1603 222 1702 287 23.
1740 229 2043 285 loa—105.

594 393 780 466 Quid?
810 393 956 454 mihi
986 412 1145 455 nunc
1172 413 1300 465 vos,
1332 396 1526 474 inquit
1555 391 1896 465 CRASSUS,
1928 401 2226 475 tamquam
2256 393 2430 457 alicui
2461 396 2644 458 Grae-

426 478 557 541 culo
607 481 794 540 otioso
847 486 907 540 et
955 477 1187 559 loquaci
1227 486 1287 539 et
1328 480 1579 541 fortasse
1623 479 1796 541 docto
1837 486 2011 560 atque
2042 479 2273 541 erudito
2302 481 2642 560 quaestiun-

426 563 644 636 culam,
698 564 772 624 de
801 582 916 645 qua
946 582 1079 625 meo
1109 563 1395 625 arbitratu
1436 564 1673 645 loquar,
1725 565 1979 644 ponitis?
2060 564 2306 636 Quando
2356 567 2516 627 enim
2548 584 2643 627 me

424 650 534 711 ista
564 668 801 710 curasse
823 656 925 710 aut
943 651 1230 729 cogitasse
1259 649 1630 711 arbitramini
1661 656 1719 710 et
1748 667 1867 710 non
1897 668 2133 729 semper
2160 651 2419 712 irrisisse
2448 652 2644 731 potius

425 752 631 796 eorum
645 735 950 796 hominum
962 733 1405 815 impudentiam,
1438 736 1688 814 quicum
1719 736 1782 796 in
1812 733 2013 796 schola
2036 734 2402 800 adsedissent
2430 754 2645 815 magna

423 820 730 881 hominum
779 820 1112 900 frequentia
1139 867 1156 891 ,
1209 819 1408 880 dicere
1459 819 1765 891 iuberent,
1818 821 1868 879 si
1918 821 2049 900 quis
2098 819 2238 900 quid
2291 821 2642 901 quaereret?

292 905 391 959 103
421 904 589 977 Quod
618 906 876 986 primum
905 905 1104 965 ferunt
1126 904 1479 965 Leontinum
1508 905 1716 966 fecisse
1748 905 2023 984 Gorgiam
2047 953 2062 976 ,
2108 906 2209 985 qui
2249 923 2642 985 permagnum

422 990 700 1070 quiddam
722 991 1023 1069 suscipere
1053 1008 1121 1050 ac
1150 990 1417 1068 profiteri
1438 989 1763 1061 videbatur,
1800 1009 1935 1051 cum
1964 1007 2028 1051 se
2057 989 2132 1051 ad
2162 992 2376 1063 omnia,
2409 990 2483 1051 de
2512 993 2641 1071 qui-

409 1072 533 1137 ‘hus
562 1077 809 1156 quisque
840 1075 1042 1136 audire
1071 1073 1270 1145 vellet,
1316 1093 1443 1138 esse
1484 1083 1753 1156 paratum
1785 1074 2176 1138 denuntiaret.
2247 1076 2458 1137 Postea
2499 1094 2638 1137 vero

421 1160 595 1240 vulgo
625 1161 738 1221 hoc
767 1159 964 1221 tacere
994 1167 1319 1239 coeperunt
1360 1159 1653 1242 hodieque
1693 1160 1943 1231 faciunt,
1987 1168 2052 1221 ut
2091 1159 2250 1222 nulla
2291 1162 2367 1221 sit
2405 1178 2505 1223 res
2533 1179 2637 1222 ne-

421 1264 537 1326 que
587 1252 750 1306 tanta
781 1263 973 1326 neque
1022 1251 1143 1306 tam
1183 1246 1501 1325 improvisa
1543 1263 1734 1327 neque
1773 1252 1895 1306 tam
1927 1264 2108 1316 nova,
2159 1244 2231 1306 de
2261 1263 2372 1326 qua
2406 1264 2469 1306 se
2514 1264 2635 1308 non

289 1340 390 1392 104
419 1332 645 1403 omnia,
699 1348 850 1410 quae
902 1331 1019 1391 dici
1066 1332 1320 1410 possint,
1377 1330 1769 1410 profiteantur
1809 1348 1938 1391 esse
1968 1330 2248 1392 dicturos„
2308 1329 2531 1403 Quodsi
2560 1338 2635 1402 te,

421 1416 617 1487 Cotta,
671 1415 994 1476 arbitrarer
1035 1424 1134 1476 aut
1172 1423 1232 1476 te
1253 1463 1269 1488 ,
1328 1415 1577 1496 Sulpici,
1632 1415 1706 1476 de
1747 1416 1831 1476 eis
1859 1415 2038 1476 rebus
2067 1414 2272 1476 audire
2300 1414 2476 1488 velle,
2534 1416 2637 1477 ad-

421 1500 716 1562 duxissem
758 1500 874 1561 huc
904 1501 1196 1562 Graecum
1227 1500 1509 1581 aliquem,
1552 1503 1654 1580 qui
1683 1519 1785 1561 vos
1814 1499 2145 1562 istiusmodi
2173 1499 2639 1580 diputationibus

389 1585 769 1655 ‘delectaret;
827 1621 904 1630 —
956 1585 1113 1666 quod
1157 1604 1233 1647 ne
1263 1604 1423 1647 nunc
1453 1586 1693 1666 quidem
1733 1584 1968 1647 difficile
1998 1586 2156 1646 factu
2187 1594 2303 1656 est;
2358 1593 2449 1647 est
2478 1588 2638 1647 enim

417 1671 572 1752 apud
621 1673 698 1733 M.
729 1671 1003 1732 Pisonem
1056 1670 1493 1732 adulescentem
1534 1672 1652 1732 iam
1681 1670 1818 1732 huic
1848 1671 2040 1749 studio
2070 1670 2362 1742 deditum,
2404 1689 2636 1732 summo

417 1757 717 1818 hominem
767 1757 1007 1835 ingenio
1058 1757 1360 1836 nostrique
1400 1756 1873 1836 cupidissimum,
1925 1757 2350 1836 Peripateticus
2380 1756 2631 1827 StaseaS,

416 1842 593 1902 homo
645 1840 815 1902 nobis
866 1859 1006 1901 sane
1047 1840 1352 1902 familiaris
1392 1848 1482 1913 et,
1534 1849 1601 1902 ut
1627 1843 1783 1903 inter
1812 1841 2081 1902 homines
2110 1843 2334 1921 peritos
2365 1849 2636 1903 constare

413 1926 612 1997 video,
644 1928 708 1986 in
735 1925 837 1986 illo
867 1943 973 1987 suo
1004 1943 1222 2004 genere
1253 1928 1517 1987 omnium
1546 1928 1844 2006 princeps.

244 2008 441 2085 23105
609 2011 797 2084 Quem
826 2017 890 2072 tu
918 2011 1082 2082 mihi,
1114 2012 1305 2091 inquit
1333 2009 1627 2089 MUGIUS,
1660 2012 1943 2081 Staseam,
1975 2030 2151 2092 quem
2179 2011 2635 2092 Peripateticum

413 2097 655 2157 narras?
714 2095 1023 2157 Gerendus
1076 2102 1165 2156 est
1212 2094 1322 2157 tibi
1361 2115 1491 2157 mos
1521 2087 1993 2158 adulesced'tibus
2019 2145 2035 2168 ,
2091 2097 2297 2158 Crasse
2319 2143 2334 2168 ,
2385 2098 2634 2177 quinon

413 2182 625 2243 Graeci
671 2180 916 2242 alicuius
957 2181 1307 2242 cotidianam
1339 2180 1751 2263 loquacitatem
1781 2183 1909 2243 sine
1939 2201 2064 2253 usu,
2098 2199 2289 2261 neque
2318 2199 2389 2242 ex
2419 2179 2636 2242 scholis

412 2266 764 2329 cantilenam
797 2266 1135 2346 requirunt,
1180 2265 1285 2326 sed
1327 2285 1400 2328 ex
1428 2266 1669 2328 homine
1701 2268 1965 2328 omnium
1995 2267 2429 2349 sapientissimo
2459 2274 2634 2348 atque

410 2422 544 2470 enim
570 2435 743 2471 earum
765 2436 933 2471 rerum
958 2428 1051 2481 est,
1073 2435 1201 2484 quae
1226 2421 1468 2484 sciuntur,
1638 2423 1901 2486 suscipere
1922 2436 1986 2471 ae
2013 2422 2252 2486 profiteri
2280 2420 2397 2471 sind
2431 2421 2515 2472 die
2548 2435 2634 2471 so·

407 2491 453 2539 11
479 2489 533 2546 7,
559 2498 626 2540 30.
1572 2487 1754 2538 lennen
1780 2489 1975 2552 Verba,
2013 2505 2113 2539 von
2149 2489 2313 2539 denen
2336 2488 2629 2555 gebraucht‚

475 2556 754 2616 Graeculo,
800 2553 831 2623 S
864 2556 948 2606 47.
1021 2558 1467 2622 quaestiunculam,
1573 2558 1653 2607 die
1666 2567 1821 2607 etwas
1833 2556 2088 2609 offentlich
2100 2557 2177 2606 als
2202 2556 2344 2607 ihren
2358 2557 2627 2622 speciellen

407 2625 521 2675 eine
545 2640 602 2676 so
628 2625 899 2675 kleinliche
920 2625 1082 2691 Frage
1106 2621 1137 2691 S
1167 2624 1280 2676 198.
1570 2625 1729 2675 Beruf
1759 2624 1863 2691 (ihr
1895 2626 2202 2675 besonderes
2236 2623 2441 2691 Metier)
2472 2639 2629 2691 ange·

474 2696 649 2753 docto,
686 2695 750 2744 de
774 2695 919 2744 amic.
945 2694 1003 2754 5,
1031 2702 1077 2743 17
1103 2695 1366 2744 doctorum
1392 2704 1471 2744 est
1575 2695 1690 2744 ben.
1740 2691 1772 2760 S
1799 2691 1916 2744 116.

399 2762 500 2813 ista
525 2763 836 2812 consuetudo
863 2777 1023 2824 eaque
1047 2760 1374 2824 Graecorum,
1412 2771 1471 2812 ut
1637 2764 1977 2822 denuntiaret,
1997 2760 2128 2810 nach
2147 2762 2260 2811 dem
2344 2759 2469 2810 iech.
2485 2760 2625 2811 tech-

406 2831 478 2879 eis
501 2838 727 2895 ponatur
789 2832 908 2879 dass
934 2831 1010 2879 sie
1033 2829 1144 2879 sich
1171 2832 1253 2879 ein
1276 2829 1468 2881 Thema
1570 2829 1777 2880 nischen
1805 2830 2074 2879 Ausdruck
2100 2821 2282 2896 ἐπαγγ
2316 2828 2572 2884 Memfim.

402 2897 583 2948 stellen
603 2898 768 2948 lassen
826 2898 889 2948 de
901 2912 1000 2961 quo
1015 2898 1275 2963 disputent
1286 2912 1462 2961 quam·
1637 2906 1726 2948 104.
1766 2897 2003 2959 Staseas,
2030 2912 2077 2947 s.
2101 2898 2209 2948 ind.
2233 2898 2368 2949 Piso.

401 2966 482 3016 vis
506 2966 694 3016 subito.
1634 2963 1729 3028 23,
1757 2974 1848 3015 105.
1887 2964 2038 3026 Quem
2062 2972 2114 3015 tu
2136 2966 2275 3024 mihi,
2300 2965 2367 3015 ad
2391 2965 2527 3015 Fam.
2554 2964 2628 3014 IX

467 3035 896 3098 impudentiam‚ll
907 3034 956 3096 4,
973 3041 1039 3084 18.
1058 3033 1225 3085 Einl.1
1248 3031 1378 3100 310,
1392 3042 1459 3083 96.
1572 3030 1648 3093 16,
1676 3043 1699 3083 7
1724 3041 1873 3096 quem
1897 3041 1952 3083 tu
1975 3032 2100 3081 mihi
2124 3033 2443 3097 Pompilium,
2469 3047 2624 3097 quem

467 3104 521 3152 in
543 3102 743 3161 schola,
767 3101 937 3151 wohin
961 3102 1074 3150 eine
1097 3099 1271 3151 solche
1295 3101 1461 3152 homi-
1565 3100 1838 3151 Denarium
1853 3103 2061 3151 narras?
2085 3102 2230 3152 Verr.
2248 3100 2448 3161 1132,·19
2475 3111 2626 3164 quem

401 3185 517 3219 num
544 3169 828 3234 frequentia
846 3169 985 3219 nicht
1001 3168 1197 3235 gehort.
1230 3171 1467 3221 adsedis-
1566 3179 1621 3218 tu
1644 3168 1765 3219 mihi
1788 3169 2029 3232 Bulbum,
2057 3184 2209 3232 quem
2233 3168 2534 3221 Staienum?
2559 3195 2624 3205 -

397 3245 538 3300 sent,
573 3253 656 3288 um
683 3237 792 3288 sicli
816 3238 891 3287 als
916 3238 1152 3288 Kfinstler
1175 3237 1332 3288 seben
1358 3238 1464 3288 und
1566 3236 1782 3287 Scavola
1805 3236 1974 3287 macht
2007 3238 2104 3287 den
2131 3237 2623 3288 zurechtweisenden

398 3305 553 3358 boren
583 3322 641 3357 zu
680 3306 847 3356 lassen
886 3303 1183 3373 (ostentatio
1209 3306 1459 3357 declama-
1565 3306 1883 3365 Vorwurf,
1921 3306 2019 3355 den
2046 3320 2099 3355 er
2123 3305 2254 3356 doch
2276 3305 2407 3356 auch
2432 3321 2528 3356 nur
2552 3306 2622 3353 im

397 3373 572 3441 toria).
1565 3372 1786 3424 Scherze
1806 3389 1863 3424 so
1883 3376 2096 3433 aussert,
2118 3373 2276 3425 durch
2300 3374 2393 3425 das
2419 3390 2485 3425 ex
2502 3373 2551 3423 h.
2571 3388 2619 3423 o.

464 3452 556 3494 103.
591 3445 829 3509 primum,
866 3443 932 3493 de
954 3442 1041 3493 fin.
1068 3443 1114 3492 11
1141 3442 1167 3491 1
1185 3479 1200 3502 ,
1227 3451 1248 3492 1
1286 3456 1460 3492 eorum
1563 3457 1607 3492 s.
1633 3441 1801 3507 gleich
1826 3442 2008 3493 wieder
2027 3451 2118 3507 gut
2141 3442 2245 3493 und
2269 3443 2535 3508 appelliert
2553 3443 2622 3492 im

396 3522 502 3561 erat
523 3513 621 3562 iste
645 3526 779 3574 mos,
815 3511 902 3575 qui
933 3521 1041 3560 tum
1068 3510 1324 3577 sophistae
1364 3524 1457 3560 no·
1560 3511 1812 3561 Interesse
1846 3512 1936 3562 der
1970 3511 2152 3562 beiden
2180 3510 2374 3577 jungen
2412 3510 2624 3560 Mannei-

393 3581 726 3639 minabantur,
747 3594 959 3642 quorum
981 3595 1009 3628 e
1034 3592 1239 3630 numero
1264 3578 1457 3642 primus
1557 3573 1616 3644 (S
1643 3577 1766 3644 164)
1808 3593 1874 3629 an
1908 3578 2121 3630 Crassus
2161 3579 2411 3630 bekannte
2447 3576 2618 3628 Gesil-

395 3660 475 3697 est
507 3663 666 3698 ausus
689 3647 970 3698 Leontinus
996 3648 1209 3712 Gorgias
1246 3647 1298 3696 in
1332 3660 1451 3696 con·
1557 3646 1735 3712 ligkeit
1759 3644 1818 3714 (S
1842 3645 1953 3713 27).

390 3726 548 3766 ventu
582 3729 790 3782 poscere
814 3717 1164 3780 quaestionem
1199 3714 1253 3765 id
1276 3724 1352 3764 est
1373 3715 1452 3765 iu·
1624 3718 1948 3778 cantilenam,
1973 3716 2065 3765 mit
2087 3713 2384 3779 Beziehung
2405 3713 2495 3765 auf
2518 3714 2620 3764 den

391 3785 510 3835 bere
544 3784 712 3834 dicere
746 3800 845 3849 qua
881 3784 945 3834 de
968 3798 1022 3833 re
1047 3784 1160 3848 quis
1186 3783 1336 3832 vellet
1359 3798 1450 3834 au·
1553 3793 1888 3846 monotonen,
1916 3782 2276 3850 pedaniischen
2288 3783 2506 3847 Vortrag
2528 3784 2615 3833 be·

393 3851 518 3902 dire.
581 3853 766 3902 Audax
791 3852 1077 3917 negotium!
1114 3851 1332 3902 dicerem
1356 3852 1451 3901 im·
1554 3853 1801 3902 stimmter
1821 3853 1868 3901 in
1898 3854 2037 3901 einer
2053 3852 2200 3902 Leier
2223 3853 2402 3901 immet
2426 3851 2618 3902 ebenso

389 3921 591 3984 pudens
628 3921 696 3984 (Π
729 3920 788 3980 4,
829 3920 927 3984 18),
975 3920 1075 3971 nisi
1119 3918 1216 3969 hoc
1241 3919 1443 3969 institu-
1549 3918 2018 3971 wiederkehrender
2038 3920 2222 3972 rhetor.
2237 3920 2463 3971 Formeln
2479 3919 2616 3985 (car-

389 3996 497 4037 tum
542 3997 723 4053 postea
768 3989 1064 4039 translatum
1109 3987 1173 4037 ad
1216 3986 1445 4052 philoso-
1550 3985 1733 4052 mina).
1784 3985 1816 4055 S
1841 3988 1959 4038 245.
1991 3990 2032 4038 [Ι
2062 3986 2147 4049 18,
2175 3998 2240 4043 75.

387 4053 520 4170 phos
567 4065 763 4106 nostros
811 4064 963 4106 esset.
1033 4056 1241 4107 Catulus
1286 4055 1453 4105 urteilt
1621 4056 1909 4116 exhomine,
1923 4056 2082 4106 durch
2096 4056 2187 4107 das
2200 4055 2615 4122 vorhergehende

426 4121 608 4171 ernach
643 4121 740 4184 (111
774 4122 865 4186 32,
894 4122 987 4189 129)
1022 4139 1124 4175 von
1165 4125 1327 4174 einem
1359 4138 1452 4173 an·
1555 4139 1620 4174 ex
1644 4122 1834 4174 scholis
1860 4124 2165 4183 veranlasst3
2205 4127 2328 4176 aber
2350 4133 2471 4175 statt
2495 4124 2614 4174 her-

390 4190 543 4240 deren
580 4189 1008 4256 Gesichtspunkte
1054 4207 1147 4242 aus
1188 4194 1454 4258 giinstiger
1556 4190 1684 4241 nach
1719 4191 1884 4242 hinter
1915 4195 2150 4258 princeps
2186 4192 2464 4257 regelrecht
2484 4193 2611 4243 fort-

387 4259 514 4309 iiber
535 4255 747 4322 Gorgias
770 4260 877 4309 und
900 4260 981 4309 die
1006 4258 1292 4325 Sophisten.
1557 4258 1797 4311 zurahren
1817 4259 2023 4323 ‘aliquid
2038 4260 2212 4311 audire
2230 4260 2475 4328 cupiunt',
2500 4261 2615 4330 fugt
