2930 4693
875 219 974 284 ΒΕ
1016 221 1372 284 ORATORE
1411 222 1467 284 11
1510 222 1610 285 84.
1655 229 1959 285 339—341.
2408 227 2536 294 213

295 392 458 453 enim
487 389 804 452 multitudo
833 392 949 450 vim
978 390 1276 470 quandam
1301 390 1496 461 talem,
1527 400 1611 462 ut,
1642 389 2139 473 quemadmodum
2160 393 2381 455 tibicen
2403 398 2534 457 sine

297 475 464 538 tibiis
489 485 725 547 caenae,
755 476 843 535 sic
870 483 1075 536 orator
1104 477 1219 536 nisi
1247 475 1623 537 multitudine
1654 476 1930 537 audiente
1953 476 2235 556 eloquens
2258 495 2389 540 esse
2409 495 2534 542 non

296 561 503 640 pessit.
590 560 666 620 Et
701 575 841 620 cum
880 560 1000 620 sint
1040 559 1357 638 populares
1396 560 1569 621 multi
1607 562 1870 640 variique
1910 559 2124 641 lapsus,
2166 564 2400 624 vitanda
2438 571 2534 625 ‚est
2559 577 2668 632 339

299 643 644 706 acclamatio
675 643 919 704 adversa
958 644 1191 723 populi;
1235 662 1387 724 quae
1429 653 1531 705 aut
1573 646 1861 706 orationis
1899 654 2146 724 peccato
2187 646 2383 726 aliquo
2424 665 2531 709 ex-

290 730 533 796 citatur,
577 730 628 787 si
658 746 886 807 aspere,
931 730 982 788 si
1011 728 1387 806 adroganter,
1417 727 1485 789 'si
1514 729 1788 809 turpiter,
1832 730 1884 791 si
1912 729 2168 799 sordide,
2215 732 2265 791 si
2295 749 2532 830 quoquo

297 814 482 873 animi
518 814 662 872 vitio
701 812 922 873 dictum
954 830 1085 873 esse
1124 812 1343 892 aliquid
1384 812 1673 882 videatur,
1717 821 1819 873 aut
1856 813 2163 874 hominum
2208 815 2534 876 offensione

297 895 389 957 vel
429 895 666 966 invidia,
711 913 863 976 quae
893 903 994 958 aut
1021 898 1172 957 iusta
1203 904 1294 958 est
1322 904 1424 958 aut
1452 916 1526 958 ex
1555 898 1968 957 criminatione
1995 906 2171 978 atque
2211 898 2385 968 fama,
2432 907 2535 966 aut

296 993 400 1041 res
425 982 478 1040 si
505 979 794 1060 displicet,
838 987 938 1042 aut
966 983 1016 1040 si
1046 989 1137 1041 est
1163 982 1227 1041 in
1256 980 1452 1063 aliquo
1483 990 1649 1042 motu
1675 995 1818 1042 suae
1847 982 2184 1061 cupiditatis
2213 991 2312 1044 aut
2340 990 2536 1045 metus

296 1063 630 1125 multitudo.
719 1064 826 1125 His
874 1072 1154 1144 quattuor
1193 1068 1387 1126 causis
1431 1066 1679 1126 totidem
1732 1066 2062 1126 medicinae
2116 1074 2530 1146 opponuntur:

295 1155 424 1210 tum
454 1148 805 1227 obiurgatio,
835 1151 902 1226 ¹si
941 1155 1031 1209 est
1059 1152 1407 1220 auctoritem
1447 1158 1578 1211 tum
1609 1149 1935 1211 admonitio
1972 1153 2141 1230 quasi
2190 1150 2384 1212 lenior
2424 1152 2534 1213 ob-

295 1234 582 1312 iurgatio;
627 1241 748 1293 tum
780 1235 1112 1312 promissio,
1161 1235 1213 1295 si
1242 1234 1556 1305 audierint,
1590 1232 1975 1314 probaturos;
2020 1244 2142 1295 tum
2172 1235 2532 1315 deprecatio,

296 1317 458 1397 quod
488 1323 578 1376 est
605 1313 894 1385 intimum,
926 1317 1030 1378 sed
1061 1333 1511 1398 nonnumquam
1541 1318 1704 1380 utile.
1792 1317 1968 1379 Nullo
2008 1326 2203 1379 autem
2233 1320 2367 1380 loco
2395 1319 2531 1400 plus

296 1402 544 1462 facetiae
573 1409 823 1479 prosunt
851 1408 911 1462 et
939 1401 1210 1463 celeritas
1239 1410 1299 1463 et
1327 1402 1508 1464 breve
1538 1402 1775 1482 aliquod
1805 1402 2025 1463 dictum
2050 1417 2162 1463 uec
2182 1403 2315 1464 sine
2334 1404 2533 1483 digni·

295 1491 417 1546 tate
447 1493 506 1546 et
534 1502 670 1545 cum
697 1485 924 1565 lepore.
1010 1486 1170 1547 Nthl
1200 1489 1357 1547 enim
1403 1494 1521 1548 tam
1560 1485 1735 1548 facile
1775 1503 1953 1566 quam
1994 1486 2309 1549 multitudo
2348 1508 2382 1549 a
2424 1490 2530 1549 tri·
2558 1503 2667 1558 340

296 1571 454 1630 stitia
484 1576 545 1629 et
572 1583 750 1649 saepe
780 1570 855 1630 ab
884 1570 1208 1631 acerbitate
1235 1571 1549 1632 commode
1578 1577 1638 1631 et
1667 1570 1927 1630 breviter
1958 1576 2017 1630 et
2045 1579 2217 1631 acute
2249 1579 2309 1632 et
2335 1572 2528 1633 hilare

297 1652 455 1714 dicto
485 1653 814 1715 deducitur.

465 1769 725 1851 Exposui
754 1767 898 1842 fere,
928 1780 997 1833 ut
1023 1774 1208 1851 potui,
1240 1772 1405 1833 vobis
1433 1774 1498 1832 in
1522 1780 1774 1853 utroque
1798 1790 2020 1851 genere
2043 1791 2352 1833 causarum
2377 1791 2530 1853 quae
2571 1777 2662 1850 84

297 1857 468 1935 sequi
494 1854 770 1926 solerem,
801 1875 953 1935 quae
981 1858 1209 1934 fugere,
1241 1876 1392 1937 quae
1416 1866 1691 1937 spectare
1711 1875 1943 1937 quaque
1978 1859 2220 1918 omnino
2256 1859 2315 1917 in
2340 1858 2532 1917 causis

299 1942 529 2001 ratione
558 1941 800 2001 versari.
888 1940 1012 2001 Nec
1042 1937 1186 2001 illud
1218 1943 1455 2003 tertium
1488 1939 2004 2002 laudationum
2038 1960 2225 2021 genus
2256 1951 2345 2002 est
2375 1939 2527 2002 diffi-
2556 1957 2658 2010 341

298 2022 431 2094 cile,
462 2022 621 2104 quod
653 2041 763 2102 ego
793 2026 960 2085 initio
991 2026 1158 2104 quasi
1196 2044 1228 2085 a
1259 2028 1593 2106 praeceptis
1622 2028 1841 2087 nostris
1870 2044 2271 2095 secreveram;
2316 2026 2421 2088 sed
2465 2036 2526 2087 et

298 2108 434 2189 quia
479 2107 663 2169 multa
696 2105 894 2192 [sunt]
938 2112 1274 2171 orationum
1303 2128 1525 2189 genera
1557 2119 1616 2171 et
1646 2111 1915 2188 graviora
1947 2118 2007 2172 et
2035 2112 2275 2171 maioris
2304 2112 2531 2189 copiae,

299 2191 372 2252 de
404 2191 617 2273 quibus
647 2210 821 2254 nemo
862 2193 988 2254 fere
1029 2196 1419 2274 praeciperet,
1474 2200 1533 2254 et
1573 2194 1731 2274 quod
1773 2212 1882 2254 nos
1922 2192 2358 2255 laudationibus
2409 2212 2531 2255 non

297 2278 379 2337 ita
420 2277 667 2338 multum
710 2278 795 2338 uti
833 2276 1186 2351 soleremuS,
1243 2287 1428 2340 totum
1469 2277 1631 2339 hunc
1675 2277 2065 2358 segregabam
2108 2278 2323 2340 locum.
2374 2277 2531 2359 »ipsi

297 2364 455 2423 enim
498 2363 709 2423 Graeci
760 2364 947 2441 magis
998 2362 1234 2442 legendi
1284 2373 1343 2424 et
1386 2361 1794 2425 delectationis
1844 2371 1945 2425 aut
1985 2364 2243 2425 hominis
2285 2362 2532 2425 alicuius

297 2446 553 2508 ornandi
591 2465 769 2526 quam
812 2446 1080 2509 utilitatis
1121 2448 1296 2510 huius
1335 2448 1591 2508 forensis
1619 2466 1799 2509 causa
1827 2446 2197 2509 laudationes
2235 2446 2529 2528 scriptita-

295 2539 536 2601 verunt3
590 2549 843 2612 quorum
885 2541 1022 2593 sunt
1062 2531 1216 2603 libri,
1270 2532 1485 2613 quibus
1525 2528 1985 2602 ThemistocleS,
2028 2531 2332 2603 AristideS,
2375 2534 2530 2610 Age-

297 2614 492 2686 silaus,
524 2612 982 2694 Epaminondas,
1025 2616 1349 2697 Philippus,
1394 2616 1729 2678 Alexander
1773 2613 1989 2695 aliique
2031 2614 2376 2684 laudantur3
2419 2634 2528 2678 no-

295 2706 455 2760 strae
483 2698 868 2770 laudationeS,
911 2701 1125 2781 quibus
1154 2703 1217 2761 in
1248 2700 1378 2762 foro
1406 2700 1647 2770 utimur,
1696 2707 1797 2760 aut
1825 2700 2151 2761 testimonii
2176 2699 2524 2760 brevitatem

298 2778 521 2845 babent
549 2781 766 2845 nudam
798 2793 972 2865 atque
1000 2786 1334 2847 inornatam
1366 2788 1468 2846 aut
1495 2783 1839 2846 scribuntur
1868 2782 1941 2845 ad
1966 2782 2278 2845 funebrem
2302 2785 2529 2846 contio·

298 2886 466 2938 nem,
520 2885 670 2946 quae
710 2867 784 2928 ad
825 2870 1107 2930 orationis
1147 2868 1381 2931 laudem
1431 2869 1676 2930 minime
1717 2866 2158 2930 accommodata
2200 2862 2325 2930 'est.
2412 2867 2531 2929 Sed

296 2959 516 3021 tamen,
548 2952 827 3031 quoniam
855 2962 946 3014 est
975 2954 1258 3015 utendum
1290 2951 1625 3035 aliquando,
1668 2971 2113 3033 nonnumquam
2164 2954 2340 3014 etiam
2381 2955 2531 3014 scri-

361 3205 474 3254 aine
499 3203 634 3253 tibiis
657 3210 751 3253 etc.
789 3203 1039 3254 Aehnlich
1060 3207 1125 3255 ist
1142 3206 1236 3256 das
1250 3206 1364 3255 Bild

294 3269 423 3335 (nur
451 3271 508 3319 in
540 3271 683 3320 einer
711 3271 907 3321 andern
940 3272 1234 3338 Beziehung·
1268 3288 1362 3338 ge-

295 3335 535 3402 braucht)
569 3337 708 3388 Brut.
732 3338 795 3388 51
814 3375 829 3397 ,
854 3348 931 3388 192
963 3353 1057 3404 ego
1082 3354 1201 3389 vero
1228 3367 1292 3378 —
1317 3341 1364 3390 si

296 3419 327 3454 a
349 3416 542 3456 corona
563 3404 770 3456 relictus
794 3406 891 3456 sim
906 3444 921 3468 ,
947 3421 1049 3457 non
1074 3422 1255 3469 queam
1282 3408 1365 3458 di-

293 3486 429 3522 cere.
453 3498 521 3507 —
544 3471 609 3523 Ut
630 3473 678 3523 si
701 3473 854 3523 tibiae
874 3474 1080 3524 inflatae
1105 3490 1205 3525 non
1229 3475 1363 3525 refe-

297 3555 409 3591 rant
439 3552 625 3590 sonum
659 3541 967 3592 abiiciendas
1004 3556 1091 3592 eas
1126 3543 1222 3593 sibi
1245 3543 1363 3593 tibi-

295 3622 386 3657 cen
423 3616 593 3673 putet,
642 3609 718 3658 sic
760 3609 944 3658 oratori
988 3610 1168 3675 populi
1210 3624 1361 3660 aures

294 3685 554 3737 tamquam
579 3676 734 3726 tibiae
754 3684 891 3727 sunt.

361 3750 464 3793 θεον
507 3756 581 3808 po
621 3745 791 3795 alares
831 3746 1031 3810 lapsus,
1090 3744 1361 3795 Vei-mosee

294 3821 464 3876 gesen
487 3811 571 3860 die
634 3812 922 3877 epulan-itit.

357 3877 690 3942 probaturos,
714 3879 807 3930 das
829 3880 1130 3947 allgemeine
1154 3878 1365 3944 SubJect

295 3940 470 4010 (man)
499 3946 569 3996 ist
591 3960 686 3996 aus
711 3947 755 3996 si
777 3947 1032 3998 audierint
1057 3964 1122 3999 zu
1145 3948 1359 3998 entneh-

294 4024 431 4064 men.

353 4077 451 4131 04.
493 4083 551 4130 in
581 4088 800 4147 utroque
829 4095 1043 4148 ρεπεν-ε,
1079 4083 1197 4132 dem
1229 4083 1364 4133 iudi·

294 4147 428 4199 cislo
445 4148 556 4198 und
578 4148 985 4200 deliberativum.

362 4218 461 4266 Ml.
489 4216 663 4281 idcio,
701 4214 735 4284 S
769 4215 854 4268 ⁴7.
901 4219 1023 4284 qudo
1061 4244 1120 4255 —
1165 4215 1361 4283 [sunCJ.

1462 3205 1568 3256 Des
1591 3203 1669 3256 hs.
1695 3214 1818 3255 sunt
1850 3206 1918 3256 ist
1943 3204 2039 3254 auf
2054 3206 2238 3254 keiuen
2263 3204 2368 3254 Fall
2392 3204 2530 3254 rich-

1462 3274 1564 3338 tig,
1600 3273 1823 3323 sondern
1849 3272 2104 3321 entweder
2125 3273 2192 3321 ist
2211 3272 2304 3320 mit
2329 3272 2531 3321 Ernesti

1464 3357 1515 3391 ιι.
1542 3355 1590 3392 a.
1616 3340 1870 3405 get-adem
1896 3344 2068 3389 essent
2096 3339 2150 3387 in
2185 3338 2283 3387 den
2308 3338 2438 3387 Text
2462 3354 2529 3388 zu

1462 3415 1669 3470 setzen,
1705 3407 1829 3456 oder
1852 3421 1909 3456 es
1932 3408 2000 3455 ist
2021 3406 2330 3469 wenigstens
2354 3411 2532 3454 essent

1464 3490 1532 3524 zu
1556 3476 1841 3538 erginzem
1866 3473 1950 3522 die
1967 3473 2295 3535 Anslassnng
2314 3485 2417 3520 von
2442 3485 2530 3521 es-

1462 3549 1578 3592 sent
1603 3542 1755 3591 liesse
1778 3540 1887 3590 sich
1913 3541 1964 3588 in
1991 3539 2185 3588 diesem
2208 3537 2347 3588 Falle
2371 3539 2531 3588 damit

1460 3607 1820 3673 rechtt'ertigen
1837 3643 1851 3663 ,
1898 3607 2020 3656 dass
2068 3607 2159 3656 der
2198 3606 2527 3671 Hauptnach·

1462 3677 1625 3726 druch
1647 3676 1742 3725 auf
1758 3675 1822 3725 de
1843 3675 2029 3736 quibus
2045 3688 2195 3724 nemo
2219 3675 2533 3740 praeciperet

1461 3744 1603 3809 negt,
1630 3744 1722 3793 der
1739 3743 2013 3792 Ansdruck
2036 3741 2145 3791 hier
2165 3743 2275 3792 also
2293 3743 2411 3792 dem
2435 3753 2527 3790 an·

1463 3811 1592 3861 dern
1614 3809 1779 3876 gleich
1802 3810 1896 3860 ist:
1919 3809 2041 3874 qnia
2064 3810 2129 3859 de
2145 3809 2319 3859 multis
2339 3809 2530 3859 oratio-

1464 3879 1590 3929 nunt
1612 3878 1884 3944 generibus
1918 3888 1968 3927 et
2083 3877 2305 3927 vion-ibus
2339 3887 2390 3925 et
2420 3890 2532 3926 ma-

1463 3946 1800 4065 ior‘izsicopiacaiaeee²
1817 3959 1965 4062 nen?
2013 3960 2096 3994 ere
2119 3944 2463 4061 praeciperet&

1632 4026 1731 4064 ora
1802 4028 1882 4063 ma
1938 4013 2144 4068 medem,
2231 4026 2279 4060 ιο
2321 4027 2384 4061 zu
2465 4025 2531 4060 en

1462 4079 1859 4146 Eigenschasteu
1930 4080 2054 4129 oder
2108 4080 2208 4129 den
2264 4078 2531 4129 Errorder·

1465 4150 1640 4199 nissen
1666 4148 1757 4198 der
1777 4146 2111 4212 eigentliehen
2123 4147 2264 4198 Rede
2286 4145 2419 4198 doch
2437 4160 2533 4212 gat

1463 4216 1605 4267 nicht
1628 4217 1839 4267 stimmt.
