2930 4693
508 206 634 268 314
1082 199 1178 263 DE
1221 198 1577 264 ORATORE
1616 200 1696 264 111
1739 199 1842 264 59.
1885 207 2007 263 220.
2053 209 2173 262 221.

457 383 470 393 ·
508 367 679 431 Aliud
710 368 1008 441 molestia,
1051 371 1182 433 sine
1211 372 1727 434 commiseratione
1756 388 1933 451 grave
1964 370 2260 452 quoddam
2289 377 2350 432 et
2376 388 2497 434 uno
2526 388 2737 452 pressu

505 474 576 516 ac
605 474 752 517 sono
782 453 1132 518 obductum:

593 557 719 639 Qua
751 564 1096 639 tempestate
1124 557 1411 621 Helenam
1440 559 1609 620 Paris
1637 558 1903 639 innuptis
1930 559 2122 620 iunxit
2148 558 2389 640 nuptiis,

589 644 718 723 Ego
747 651 871 705 tum
903 643 1171 722 gravida,
1206 642 1453 725 expletis
1482 645 1602 706 iam
1632 644 1758 707 fere
1789 643 1861 705 ad
1890 643 2241 725 pariendum
2273 642 2609 713 mensibus;

589 728 708 791 Per
737 729 893 791 idem
924 735 1158 810 tempus
1185 727 1543 809 Polydorum
1571 727 1815 791 Hecuba
1843 729 2021 810 partu
2049 731 2352 810 postremo
2381 730 2553 810 parit.

323 823 422 899 -59
442 838 544 889 220
568 830 788 893 Omnes
826 837 1024 892 autem
1065 830 1175 892 hos
1216 837 1413 892 motus
1452 829 1734 911 subsequi
1775 830 1953 892 debet
1991 837 2219 911 gestuS,
2261 848 2384 891 non
2424 831 2521 891 hic
2563 829 2743 891 verba

511 917 851 998 exprimens
905 917 1205 987 scenicus,
1274 915 1380 977 sed
1432 917 1771 978 universam
1813 934 1943 978 rem
1987 927 2047 976 et
2087 917 2437 977 sententiam
2479 933 2603 976 non
2646 915 2744 976 de-

508 1002 966 1070 monstratione,
1009 999 1113 1062 sed
1156 1001 1585 1081 significatione
1632 999 1973 1071 declarans,
2001 1000 2254 1063 laterum
2281 1000 2602 1062 inflexione
2634 1000 2746 1061 hac

512 1087 657 1149 forti
686 1105 754 1148 ac
782 1084 954 1157 virili,
986 1104 1106 1146 non
1138 1085 1212 1148 ab
1241 1104 1418 1147 scena
1454 1095 1514 1147 et
1551 1085 1957 1156 histrionibus,
1991 1087 2095 1147 sed
2119 1086 2192 1148 ab
2225 1086 2406 1147 armis
2436 1092 2538 1147 aut
2566 1087 2745 1146 etiam

507 1191 542 1234 a
569 1171 882 1253 palaestra.
951 1170 1159 1232 Manus
1188 1180 1384 1233 autem
1414 1173 1612 1232 minus
1641 1179 1876 1250 arguta,
1920 1171 2116 1250 digitis
2146 1171 2513 1252 subsequens
2542 1170 2744 1242 verba,

508 1276 631 1319 non
660 1258 1027 1337 exprimens;
1074 1255 1385 1318 brachium
1425 1258 1737 1337 procerius
1763 1257 2096 1337 proiectum
2131 1259 2297 1337 quasi
2327 1254 2634 1336 quoddam
2662 1264 2744 1316 te-

508 1342 632 1404 lum
661 1343 974 1410 orationis;
1006 1339 1309 1423 supplosio
1337 1342 1507 1422 pedis
1536 1343 1598 1402 in
1630 1341 2107 1403 contentionibus
2135 1350 2238 1403 aut
2258 1341 2621 1421 incipiendis
2651 1349 2748 1402 aut

375 1434 474 1484 221
507 1427 798 1489 finiendis.
870 1426 989 1489 Sed
1017 1428 1080 1488 in
1111 1445 1215 1487 ore
1246 1436 1384 1488 sunt
1412 1429 1630 1489 omnia.
1703 1426 1770 1490 In
1802 1445 1873 1487 eo
1903 1434 2099 1488 autem
2128 1429 2258 1507 ipso
2288 1425 2631 1489 dominatus
2662 1433 2748 1486 est

510 1513 702 1575 omnis
731 1511 1068 1582 oculorum;
1114 1532 1231 1594 quo
1272 1511 1485 1574 melius
1514 1513 1704 1574 nostri
1743 1510 1830 1573 illi
1858 1530 2060 1584 senes,
2100 1513 2202 1592 qui
2242 1519 2633 1591 personatum
2674 1529 2746 1571 ne

510 1715 663 1778 fehlt,
701 1717 794 1768 mit
819 1714 1102 1767 Sicherheit
1135 1713 1275 1767 nicht
1309 1730 1377 1766 zu
1402 1717 1575 1766 ermit-
1746 1714 1906 1768 uerba
1927 1717 2248 1781 εωρνίηιεηε,
2286 1713 2419 1781 159,
2451 1724 2552 1767 251.
2605 1715 2744 1766 Brut.

510 1786 643 1836 teln:
696 1786 832 1837 ‘aber
865 1784 1113 1835 nachdem
1155 1785 1231 1834 sie
1267 1784 1365 1835 den
1401 1783 1576 1835 Hoch-
1678 1782 1772 1844 38,
1808 1794 1883 1835 ιιι
1931 1784 2061 1848 (von
2095 1781 2377 1847 Antonius)
2424 1791 2608 1849 gestus
2647 1798 2745 1834 non

512 1853 799 1905 zeitskranz
822 1865 1146 1918 genommen,
1169 1851 1361 1902 reichte
1386 1851 1463 1902 sie
1485 1851 1575 1902 ihu
1676 1852 2174 1919 veiba‘exprimens,
2209 1851 2303 1901 sed
2328 1867 2443 1902 cum
2469 1854 2741 1902 sententiis

1679 1935 1985 1986 congruens.
2057 1920 2227 1980 Quint.
2262 1919 2338 1970 IX
2370 1918 2434 1983 3,
2468 1928 2521 1970 88
2554 1919 2616 1971 ff.
2663 1921 2746 1970 alii

1678 1999 1814 2048 sunt,
1840 1989 1928 2053 qui
1951 2003 2034 2038 res
2057 1988 2340 2039 imitatione
2363 1986 2663 2053 significant
2683 2014 2743 2023 —

511 1922 592 1971 dir
613 1920 732 1982 hin3
756 1920 864 1971 und
888 1920 1057 1971 indem
1080 1921 1156 1972 sie
1172 1919 1296 1983 that,
1317 1921 1393 1971 als
1405 1920 1575 1971 wollte

511 1989 587 2038 sie
621 2003 727 2039 nun
762 1987 846 2038 die
868 1986 1311 2039 Hochzeitsfackel
1336 1987 1574 2052 nehmen,

510 2058 610 2123 gab
636 2057 713 2107 sie
735 2056 877 2105 ‹liese
899 2055 1002 2105 voll
1024 2054 1242 2106 heiterer
1258 2054 1435 2106 Laune
1456 2069 1574 2122 gra-

512 2126 621 2176 ziiis
664 2124 772 2175 und
811 2123 1020 2174 reizend
1061 2124 1144 2175 dir
1188 2125 1240 2174 in
1276 2124 1359 2174 die
1390 2124 1574 2175 Hand!

511 2193 569 2243 In
594 2202 749 2243 etwas
773 2192 911 2243 kann
934 2193 1032 2242 wol
1059 2193 1151 2242 das
1176 2192 1439 2242 berfihmte
1457 2191 1576 2242 Bild

511 2262 603 2311 der
625 2259 838 2312 Roxane
869 2275 974 2311 von
998 2261 1178 2311 Aetion
1207 2276 1299 2311 zur
1320 2260 1574 2311 Verdeut·

507 2328 719 2395 lichung
742 2329 941 2392 dienen,
968 2329 1065 2380 wie
1089 2343 1145 2379 es
1168 2328 1358 2381 Lucian
1383 2329 1571 2380 Herod.

509 2414 558 2448 s.
578 2399 759 2448 Aetion
782 2414 828 2447 c.
846 2398 879 2448 5
910 2397 1224 2448 beschreibt:
1248 2389 1281 2448 ὁ
1291 2391 1575 2477 ’βασιλεὺς

512 2460 599 2530 δὲ,
634 2456 810 2525 αὐτὸς
837 2459 948 2545 μὲν
995 2459 1354 2532 στέφανον
1400 2482 1573 2518 τινα

510 2524 742 2600 ὀρέγει
788 2551 868 2599 τῃ
909 2532 1140 2587 παιδί.
1206 2529 1458 2600 πάροχος
1507 2529 1573 2586 δὲ

511 2599 613 2654 καὶ
642 2594 1028 2681 νυμφαχωγὸς
1050 2593 1404 2668 Ἡφαιστίων
1433 2615 1574 2670 συμ-

510 2665 762 2737 παρέστη
788 2668 973 2736 δᾳδα
1006 2665 1403 2737 καιομένην
1429 2664 1575 2737 ἔχων

512 2748 607 2790 etc.

579 2809 826 2868 molestia,
845 2805 1210 2856 schmerzliche
1224 2805 1573 2871 Resignation.

510 2889 669 2940 yrave
702 2875 954 2940 quoddam
994 2890 1094 2926 uno
1124 2889 1311 2939 pressu
1351 2891 1415 2929 ac
1445 2890 1574 2926 sono

515 2942 805 3006 obductum,
831 2942 1190 3007 schwermiitig
1212 2958 1264 2996 u.
1287 2951 1549 2993 monoton.

584 3008 695 3071 Qua
712 3016 1008 3075 tempestate
1029 3018 1142 3070 etc„
1166 3010 1391 3061 Ribbeck
1408 3026 1462 3075 p.
1475 3008 1577 3060 209

516 3077 741 3141 (tetram.
766 3077 930 3127 troch.
957 3085 1073 3136 cat„
1099 3077 1356 3127 vielleicht
1375 3093 1470 3128 aus
1490 3079 1581 3127 der

517 3147 678 3196 iliona
701 3146 794 3196 des
817 3143 1121 3210 Pacuvius).
1511 3146 1515 3150 ’

582 3216 809 3281 innuptis
825 3216 1029 3279 nuptiis’,
1049 3214 1170 3266 Eur.
1184 3213 1293 3264 Hel.
1306 3210 1409 3263 689
1433 3203 1476 3263 ἅ
1513 3229 1578 3265 α-

518 3299 623 3350 μος
655 3274 927 3347 ἄτεκνος,
962 3268 1006 3334 ὦ
1040 3273 1202 3346 πόσι,
1238 3296 1456 3333 καταστ
1487 3297 1576 3334 νει

515 3342 904 3486 asum
914 3366 1074 3470 ⁶2:²5.
1098 3350 1180 3470 (ξε
1193 3349 1574 3485 Ezszsssgss·

519 3489 603 3539 Ai.
636 3485 740 3538 665
773 3458 903 3538 oder’
928 3478 1114 3553 μήτηρ
1187 3478 1378 3553 μήτωρ
1415 3486 1575 3551 Soph.

520 3556 677 3606 Elect.
704 3555 855 3609 1154.
888 3556 1020 3620 fere,
1045 3555 1300 3606 Ribbeck:
1323 3555 1415 3605 fui.

587 3624 898 3689 Polydorus,
935 3624 1060 3674 Eur.
1080 3622 1202 3674 Hec.
1236 3622 1269 3673 3
1292 3622 1328 3673 f.
1390 3612 1579 3673 Πολύ-

521 3684 960 3770 δωροςἙκοὶβης
975 3693 1117 3752 ταῖς
1132 3685 1310 3758 γεγώς
1324 3689 1428 3757 τῆς
1437 3690 1577 3741 Κισ-

519 3754 659 3819 σέως
682 3773 744 3811 τε
766 3774 997 3825 natoue.
1054 3760 1204 3810 Hom.
1230 3759 1288 3810 ΙΙ.
1316 3759 1367 3810 Τ
1394 3757 1498 3809 406
1520 3759 1574 3810 ff.

520 3827 611 3878 der
633 3819 902 3910 Πράμου
924 3819 1201 3887 ἀντίθεος
1225 3826 1299 3878 Π.
1325 3826 1576 3892 Πριαμί-

522 3894 646 3961 δης,
673 3911 774 3949 τον
797 3889 860 3947 δ’
882 3885 1008 3947 οὔτι
1028 3886 1219 3961 πατὴρ
1244 3893 1442 3948 εἴασκε
1465 3887 1574 3962 μά-

520 3964 733 4042 χεσθαι
764 3952 977 4016 οὕνεκα
1013 3957 1073 4015 οἰ
1102 3953 1246 4033 μετὰ
1269 3961 1435 4016 παισὶ
1469 3978 1580 4016 νε-

520 4047 782 4093 ωτατος
818 4027 946 4085 ἔσκε
980 4025 1203 4099 γόνοιο,
1237 4029 1338 4084 καὶ
1365 4025 1426 4084 οἱ
1447 4031 1579 4098 φίλ-

518 4114 690 4160 τατος
716 4095 863 4153 ἔσκε.

586 4165 672 4231 59,
695 4177 787 4218 220.
821 4168 1059 4234 subsequi
1079 4166 1230 4220 debet
1246 4173 1438 4233 ocem,
1463 4169 1579 4219 eine

523 4233 925 4301 entsprechende
947 4234 1328 4287 Gesticulatiou.

1679 2056 1816 2120 quod
1853 2065 1933 2107 est
1963 2070 2127 2121 genus
2163 2070 2316 2120 quam
2352 2055 2662 2121 longissime
2692 2057 2742 2106 in

1677 2125 1879 2174 actione
1901 2123 2229 2190 fugiendum:
2264 2126 2446 2174 abesse
2468 2126 2609 2174 enim
2633 2124 2746 2192 plu·

1675 2193 1866 2242 rimum
1888 2207 1921 2242 a
1944 2191 2183 2243 saltatore
2208 2192 2359 2242 debet
2383 2201 2569 2255 orator,
2597 2203 2659 2244 ut
2682 2193 2748 2244 sit

1675 2272 1852 2324 gestus
1885 2260 1951 2310 ad
1986 2275 2196 2310 sensum
2242 2261 2436 2326 magis,
2486 2275 2649 2325 quam
2681 2260 2745 2311 ad

1676 2328 1832 2380 verba
1855 2328 2290 2380 accommodatus.

1743 2399 1957 2449 laterum
1988 2397 2295 2462 inflexione,
2346 2396 2427 2449 Or.
2459 2394 2547 2462 18,
2586 2408 2644 2450 59
2690 2400 2746 2449 ln

1674 2476 1825 2532 gestu
1847 2474 2012 2516 status
2046 2475 2246 2515 erectus
2283 2474 2332 2514 et
2366 2466 2560 2529 celsus,
2597 2482 2745 2517 rarus

1673 2533 1936 2594 incessus,
1986 2548 2080 2582 nec
2127 2534 2197 2583 ita
2240 2534 2456 2601 longus,
2504 2536 2744 2585 excursio

1676 2602 1936 2652 moderata
1969 2616 2131 2665 eaque
2176 2614 2306 2660 rara,
2360 2601 2496 2652 nulla
2529 2603 2744 2653 mollitia

1675 2671 1931 2721 cervicum
1947 2705 1962 2728 ,
2000 2668 2171 2721 nullae
2193 2670 2427 2735 'argutiae
2450 2670 2742 2736 digitorum,

1677 2751 1781 2788 non
1821 2737 1891 2788 ad
1923 2752 2189 2787 numerum
2234 2737 2479 2788 articulus
2528 2739 2741 2805 cadens,

1675 2815 1853 2856 trunco
1888 2805 2054 2870 magis
2088 2813 2194 2856 toto
2230 2820 2286 2855 se
2320 2807 2434 2870 ipse
2468 2806 2743 2857 moderans

1679 2884 1729 2924 et
1758 2874 1897 2925 virili
1927 2875 2145 2924 laterum
2168 2874 2445 2939 inflexione
2490 2871 2746 2940 (Haltung

1677 2939 1972 3006 derBrust)‚
1999 2940 2191 2990 brachii
2214 2943 2526 3008 proiectione
2544 2944 2597 2992 in
2619 2957 2743 2992 con-

1676 3010 2010 3071 tentionibus,
2046 3011 2388 3060 contractione
2412 3011 2464 3059 in
2488 3011 2743 3061 remissis.

1677 3077 1741 3128 ab
1765 3080 1920 3128 amis
1944 3086 2058 3137 etc„
2084 3073 2117 3144 S
2140 3076 2259 3128 200.
2492 3082 2497 3087 ”

1743 3145 1904 3195 minus
1925 3152 2126 3210 arguta,
2167 3144 2305 3195 nicht
2330 3161 2393 3195 zu
2417 3144 2613 3196 lebhaft
2639 3146 2743 3197 und

1676 3211 2004 3263 theatralisch
2035 3212 2360 3279 hinzeigend.
2410 3211 2539 3264 Geli.
2577 3215 2642 3267 N.
2678 3216 2738 3264 A.

1680 3282 1697 3330 1
1733 3279 1767 3330 5
1799 3281 2097 3332 Hortensius
2132 3308 2196 3317 ——
2232 3281 2368 3345 quod
2403 3281 2564 3331 multa
2586 3298 2739 3332 mun-

1676 3349 1802 3400 ditia
1848 3356 1898 3399 et
1944 3350 2306 3414 circumspecte
2358 3352 2741 3416 compositeque

1679 3418 1887 3468 indutus
1924 3425 1973 3466 et
2014 3419 2229 3468 amictus
2280 3427 2418 3468 esset
2463 3434 2740 3483 manusque

1678 3486 1809 3535 inter
1831 3486 2089 3551 agendum
2112 3485 2278 3541 forent
2310 3492 2528 3550 argutae
2561 3487 2739 3536 admo-

1678 3554 1802 3604 dum
1827 3562 1879 3603 et
1890 3561 2183 3618 gestuosae,
2210 3553 2492 3604 maledictis
2509 3554 2739 3621 compel-

1676 3620 2053 3684 lationibusque
2107 3621 2309 3686 probris
2365 3621 2583 3671 iactatus
2644 3631 2738 3680 est,

1676 3689 1936 3752 multaque
1958 3691 2012 3740 in
2036 3704 2153 3739 eum
2187 3690 2337 3756 quast·
2366 3692 2421 3739 in
2444 3689 2739 3741 Iliso-ionem

1675 3758 1729 3807 iu
1777 3758 1906 3823 ipsis
1952 3759 2122 3808 causis
2162 3766 2314 3823 atquo
2358 3757 2562 3808 iudiciis
2603 3758 2740 3808 dicta

1646 3866 1649 3871 .
1674 3835 1811 3876 flunt·

1738 3894 2064 3961 subsequens,
2084 3893 2410 3944 unvermerkt
2425 3894 2738 3958 begleitend.

1677 3965 1956 4028 supplosio,
1980 3963 2003 4011 1
2027 3960 2110 4022 53,
2135 3971 2229 4012 230.

1747 4039 1840 4082 221.
1883 4037 2242 4095 personatum,
2289 4043 2436 4080 wenn
2473 4044 2527 4079 er
2559 4030 2605 4079 in
2645 4031 2740 4081 der

1680 4114 1779 4150 von
1816 4099 1913 4148 den
1941 4096 2188 4148 Griechen
2222 4095 2512 4148 entlehnten
2537 4095 2735 4149 Schau·

1678 4167 2044 4232 spielermaske
2071 4165 2282 4228 anstrat,
2319 4166 2414 4215 wie
2445 4166 2537 4217 das
2561 4168 2739 4232 spiter

1677 4233 1811 4286 auch
1832 4236 1886 4286 in
1909 4235 2039 4287 Rom
2065 4232 2233 4286 ublieh
2255 4234 2412 4288 ward.
