2930 4693
266 1235 373 1289 171

384 126 517 197 288

975 122 1075 187 DE
1106 120 1463 187 ORATORE
1502 122 1582 185 111
1624 124 1727 186 43.
1774 130 1891 185 170.
1935 131 2051 185 171.

390 290 667 365 ferendo,
697 291 806 357 sed
833 291 1065 357 etiamsi
1091 289 1384 364 licentius,
1413 299 1616 355 tamen
1641 291 1945 359 interdum
1972 311 2095 356 non
2122 292 2536 375 impudentem
2566 302 2646 359 ut

391 398 536 443 cum
565 377 878 458 ‘grandem
905 378 1260 441 orationem’
1290 396 1402 458 pro
1430 376 1625 458 longa,
1655 379 1974 443 ‘minutum
2002 381 2290 441 animum'
2311 398 2424 460 pro
2447 398 2642 460 parvo

397 464 669 527 dicimus.
744 463 964 525 Verum
1003 460 1105 524 illa
1143 463 1433 525 videtisne
1459 480 1590 525 esse
1618 479 1739 526 non
1771 463 1966 533 verbi,
1998 462 2104 525 sed
2134 466 2447 536 orationis,
2478 483 2642 546 quae

397 567 475 612 ex
501 546 791 628 pluribus,
821 555 891 609 ut
915 548 1180 627 exposui,
1209 546 1693 611 translationibus
1722 566 1991 611 connexa
2017 542 2191 610 sunt?
2233 549 2382 611 haec
2411 557 2640 620 autem,

354 652 359 661 ·
400 650 553 715 quae
581 640 683 697 aut
711 634 1021 694 immutata
1062 648 1194 694 esse
1233 631 1356 693 dixi
1396 639 1500 696 aut
1529 630 1713 701 ,aliter
1740 630 2140 712 intellegenda
2169 652 2239 694 ac
2269 634 2640 704 dicerentur,

264 727 374 782 170
398 724 541 781 sunt
563 716 848 783 translata
877 715 1138 797 quodam
1163 715 1362 782 modo.
1430 716 1517 781 lta
1544 717 1638 788 fit,
1680 724 1749 779 ut
1789 718 1984 779 omnis
2022 717 2393 798 singulorum
2421 717 2643 781 verho-

399 820 537 867 rum
563 803 955 883 virtus*atque
983 800 1113 862 laus
1140 800 1334 864 tribus
1362 804 1574 864 existat
1611 819 1686 863 ex
1714 801 1921 867 rebus:
1969 803 2024 864 si
2049 809 2153 866 aut
2177 810 2475 865 vetustum
2500 821 2642 864 ver·

397 887 546 951 bum
573 888 680 958 sit,
710 887 871 968 quod
903 894 1103 949 tamen
1132 886 1499 951 consuetudo
1528 886 1688 949 ferre
1715 888 1931 968 possit;
1979 895 2081 950 aut
2118 888 2340 950 factum
2369 885 2464 948 vel
2492 906 2644 948 con-

396 973 703 1035 iunctione
743 970 836 1033 vel
876 972 1162 1039 novitate,
1202 971 1267 1032 in
1307 989 1425 1052 quo
1476 972 1625 1033 item
1676 978 1767 1033 est
1816 971 2061 1043 auribus
2104 970 2643 1053 consuetudinique

397 1056 798 1138 parcendum;
843 1062 945 1117 aut
971 1054 1334 1127 translatum,
1376 1056 1536 1136 quod
1564 1057 1819 1119 maxime
1847 1063 2152 1137 tamquam
2177 1056 2365 1121 stellis
2393 1055 2642 1137 quibus-

401 1140 541 1204 dam
569 1148 737 1202 notat
762 1147 824 1202 et
849 1138 1143 1203 illuminat
1169 1142 1519 1203 orationem.

574 1226 854 1306 Sequitur
882 1225 1245 1287 continuatio
1274 1225 1621 1296 verborum,
1653 1243 1806 1305 quae
1833 1225 1982 1287 duas
2009 1244 2109 1287 res
2135 1227 2424 1298 maxime,
2456 1225 2642 1288 collo·

404 1310 702 1372 cationem
729 1310 1019 1390 primum,
1063 1310 1278 1372 deinde
1307 1308 1550 1372 modum
1578 1309 1875 1391 quendam
1918 1311 2291 1392 formamque
2319 1310 2641 1373 desiderat.

405 1393 824 1458 collocationis
852 1402 944 1457 est
972 1412 1333 1475 componere
1363 1401 1426 1456 et
1451 1402 1685 1457 struere
1710 1393 1894 1457 verba
1923 1396 2027 1466 sic,
2057 1403 2125 1457 ut
2152 1413 2300 1458 neve
2330 1413 2506 1476 asper
2537 1414 2641 1456 eo·

402 1495 542 1551 rum
573 1496 897 1542 concursus
926 1497 1073 1541 neve
1103 1478 1336 1542 hiulcus
1364 1480 1472 1550 sit,
1503 1480 1609 1542 sed
1638 1479 2076 1566 quodammodo
2103 1487 2553 1560 coagmentatus
2582 1487 2646 1541 et

413 1629 749 1696 Metonymie)
784 1631 1048 1696 subiungit
1083 1642 1133 1681 et
1155 1631 1475 1693 abusionem,

412 1714 567 1766 quam
590 1693 944 1766 κατάχρησιν
960 1707 1160 1758 vocant,
1179 1707 1235 1748 ut
1254 1714 1370 1750 cum
1387 1699 1481 1748 mi·

418 1777 598 1819 nutum
624 1767 841 1818 dicimus
866 1769 1094 1817 animum
1128 1781 1220 1833 pro
1244 1781 1402 1832 parvo
1428 1774 1481 1815 et

414 1835 670 1886 abutimur
691 1834 863 1885 verbis
897 1834 1313 1901 propinquis,·si
1346 1849 1481 1899 opus

415 1910 498 1952 est
522 1902 601 1952 vel
626 1902 765 1966 quod
798 1901 1015 1952 delectat
1046 1901 1128 1951 vel
1152 1901 1291 1966 quod
1314 1902 1479 1952 decet.

495 1969 683 2019 Verum
716 1978 811 2019 etc.
856 1967 997 2020 Nach
1021 1968 1367 2034 Feststellung
1388 1969 1481 2021 der

419 2035 786 2088 Unterschiede
829 2035 921 2086 der
953 2036 1222 2086 einzelnen
1255 2036 1481 2101 Figuren

418 2103 546 2156 oder
576 2104 676 2155 Tro
747 2120 780 2155 ιι
827 2103 959 2155 Ιιοῑιῖ
994 2119 1101 2154 nun
1136 2103 1353 2156 Crassus
1396 2117 1478 2155 am

414 2171 629 2224 Schluss
653 2173 688 2223 d
708 2187 823 2224 eses
848 2181 1016 2223 ersten
1041 2172 1176 2223 Teils
1209 2172 1302 2223 des
1326 2185 1478 2222 orna-

411 2248 499 2292 tus
523 2237 585 2305 (S
609 2238 737 2305 149)
772 2240 867 2291 das
891 2239 1247 2292 Gemeinsame
1278 2238 1478 2300 hervor,

413 2307 653 2361 womach
678 2308 754 2358 sie
777 2308 876 2359 alle
901 2318 1048 2359 unter
1072 2309 1172 2359 den
1197 2308 1477 2375 Gattuugs·

414 2377 605 2443 hegriff
634 2377 728 2427 der
760 2375 1025 2443 Metapher
1056 2377 1210 2428 fallen
1226 2413 1242 2441 ,
1291 2378 1481 2428 sodass

416 2444 533 2498 sich
563 2444 675 2495 also
711 2445 795 2496 die
825 2459 892 2496 an
929 2445 1013 2496 die
1040 2443 1219 2509 Spitze
1251 2444 1485 2510 gestellte

415 2511 737 2578 Dreiteilung
755 2510 816 2579 (s
827 2509 952 2579 152)
970 2512 1047 2563 als
1065 2511 1251 2577 richtig
1268 2513 1441 2562 erweis
1448 2520 1485 2563 t.

419 2583 513 2636 illa
544 2606 609 2618 -
645 2597 775 2647 quae
809 2597 881 2633 ex
919 2581 1153 2647 pluribus
1184 2582 1491 2631 translatio·

418 2648 849 2782 ἒιξόἵσδθῗοπηεωα
891 2657 1009 2700 sunt
1023 2687 1039 2712 ‚
1096 2649 1181 2699 die
1224 2648 1486 2713 Allegorie

492 2785 773 2846 iniunctam,
799 2783 884 2834 die
907 2783 1231 2848 Metonymie.
1275 2791 1368 2834 aut
1389 2785 1486 2834 ali·

422 2856 509 2902 ter
529 2851 887 2915 intellegenda,
913 2851 996 2901 die
1020 2850 1375 2915 Synekdoche.

495 2921 750 2969 translata
767 2919 984 2984 quodam
999 2920 1163 2979 modo,
1185 2919 1301 2969 sind
1318 2932 1490 2983 genau

425 2999 734 3101 genlpmmen
752 3000 850 3036 nur
858 2985 1263 3036 Modificationen
1278 2986 1368 3036 der
1385 2986 1491 3037 Me·

431 3064 485 3104 n
558 3069 629 3105 er·

485 3068 588 3171 l1³)ie
603 3119 886 3172 Schiinheit
909 3120 1032 3171 oder
1049 3117 1487 3171 fisthetischeHal·

426 3198 557 3255 tung
579 3188 673 3242 des
691 3188 817 3240 Stils
842 3189 1094 3240 offenbart
1117 3187 1225 3238 sich
1248 3186 1307 3252 2)
1330 3187 1380 3237 in
1401 3187 1493 3238 der

422 3256 1148 3323 VerbindungderWorte
1164 3253 1245 3322 (in
1262 3255 1486 3306 derPe·

424 3326 521 3377 rio
535 3325 637 3387 de)
672 3325 780 3378 und
813 3340 974 3375 zwar:
1007 3324 1061 3388 a)
1083 3326 1137 3374 in
1160 3326 1254 3375 ¹der
1270 3323 1489 3374 -Wort-

426 3393 721 3459 stellung
743 3390 887 3460 (—S
915 3390 1056 3457 173),
1073 3389 1131 3456 b)
1150 3393 1220 3442 im
1244 3388 1492 3456 Rhyth-

431 3477 485 3512 m
498 3478 532 3512 u
546 3477 573 3512 s
586 3460 685 3526 (-
709 3461 743 3525 S
772 3458 912 3526 199).

498 3538 592 3582 1¹11.
626 3529 938 3581 continuatio
967 3529 1258 3588 verbor-unz,
1295 3526 1379 3580 Or.
1404 3523 1492 3586 61,

430 3604 509 3648 2⁰4
533 3597 820 3661 quaesitum
845 3605 950 3659 est,
984 3597 1039 3647 in
1072 3606 1246 3648 totone
1279 3595 1494 3645 circuitu

430 3665 519 3715 illo
539 3664 799 3725 orationis,
825 3678 976 3727 quem
996 3663 1175 3715 Graeci
1196 3658 1492 3730 περίοδον,

430 3746 528 3784 nos
551 3740 660 3782 tum
683 3732 928 3784 ambitum
952 3740 1058 3782 tum
1083 3732 1349 3782 circuitum
1381 3739 1493 3781 tum

427 3799 934 3869 comprehensionem
989 3807 1080 3850 aut
1146 3813 1174 3847 c
1187 3814 1216 3850 o
1229 3800 1367 3850 utin
1377 3813 1455 3849 ua
1469 3826 1495 3836 -

433 3867 564 3919 tion
580 3883 667 3918 em
704 3876 794 3918 aut
825 3867 1343 3934 circumscriptionem
1366 3866 1498 3917 dici·

430 3950 580 4002 mus,
627 3950 692 3986 an
727 3936 780 3985 in
805 3935 1071 4002 principiis
1101 3934 1295 3997 solum,
1341 3948 1410 3985 an
1441 3935 1497 3985 in

430 4005 708 4062 extremis,
742 4018 807 4053 an
833 4005 885 4054 in
908 4012 1125 4068 utraque
1147 4013 1292 4070 parte
1308 4007 1499 4053 'nume-

435 4086 525 4122 rus
548 4070 802 4126 tenendus
826 4073 911 4122 sit.
959 4071 1030 4135 ib.
1055 4071 1140 4132 44,
1167 4078 1241 4121 149
1277 4070 1497 4121 colloca·

430 4139 623 4190 buntur
653 4138 810 4202 igitur
838 4138 1022 4201 verba,
1057 4147 1111 4189 ut
1143 4144 1232 4188 aut
1271 4139 1408 4188 inter
1438 4153 1498 4190 se

1581 1647 1729 1697 quam
1758 1633 2019 1696 aptissime
2058 1631 2371 1683 cohaereant
2416 1639 2644 1683 extrema

1581 1714 1699 1749 cum
1728 1700 1911 1766 primis
1945 1713 2107 1763 eaque
2128 1700 2235 1751 sint
2256 1714 2409 1764 quam
2433 1700 2640 1751 suavis-

1580 1766 1725 1817 simis
1743 1767 1974 1829 vocibus,
1997 1776 2087 1818 aut
2109 1775 2165 1817 ut
2182 1767 2359 1831 forma
2381 1769 2641 1820 concinni-

1579 1840 1761 1901 tasque
1792 1833 2030 1884 conficiat
2063 1836 2238 1886 orbem
2261 1851 2441 1898 suum,
2476 1847 2568 1886 aut
2587 1843 2645 1886 ut

1582 1898 1968 1968 comprehensio
1986 1918 2249 1954 numerose
2272 1913 2323 1953 et
2338 1918 2368 1952 a
2429 1917 2458 1952 e
2475 1903 2643 1955 cadat.

1646 1971 1857 2030 modnm,
1875 1969 2042 2035 Klang
2058 1968 2143 2036 (rh
2149 1970 2367 2036 ythmisc
2406 1971 2647 2021 -melodi-

1582 2036 1707 2088 sche
1729 2037 2023 2103 Bewegung
2055 2074 2070 2100 ,
2094 2040 2127 2101 S
2150 2037 2238 2089 41.

1643 2105 1978 2171 formamque,
2082 2107 2196 2156 ucin
2203 2105 2335 2157 nitiit
2349 2105 2458 2156 und
2474 2105 2643 2172 perio·

1582 2170 1760 2223 disehe
1783 2173 2111 2238 Giiederung.
2158 2172 2242 2225 Or.
2266 2172 2354 2236 61,
2374 2182 2453 2224 206
2479 2171 2646 2240 expli·

1581 2240 1803 2291 candum
1816 2241 1970 2291 etiam
1989 2251 2085 2301 est,
2110 2241 2249 2291 unde
2265 2248 2377 2292 orta
2393 2241 2461 2291 sit
2477 2240 2649 2291 forma

1581 2308 1851 2360 verborum
1884 2308 2261 2378 dicendumque
2293 2317 2513 2374 quantos
2546 2310 2647 2359 cir·

1579 2378 1750 2427 cuitus
1793 2375 1964 2427 facere
2003 2377 2205 2441 deceat,
2255 2378 2425 2440 deque
2471 2391 2650 2427 eorum

1585 2443 1849 2510 particulis
1896 2454 1949 2494 et
1993 2452 2255 2509 tamquam
2309 2445 2654 2496 incisionibus

1586 2512 1939 2563 disserendum
1966 2521 2062 2564 est.

1651 2587 1883 2640 struere,
1920 2579 2004 2633 Or.
2028 2579 2115 2641 44,
2140 2589 2215 2632 149
2239 2587 2318 2631 est
2341 2581 2478 2630 enim
2502 2577 2651 2644 quasi

1584 2657 1845 2700 structura
1868 2645 2120 2709 quaedam
2153 2663 2248 2699 nec
2280 2647 2335 2698 id
2367 2656 2542 2698 tamen
2566 2648 2653 2698 fiet

1587 2730 1819 2783 operose.

1654 2798 1813 2848 asper
1846 2791 1963 2845 etc„
1987 2781 2019 2850 S
2048 2780 2162 2833 172.
2211 2782 2295 2835 Or.
2317 2782 2404 2845 44,
2430 2791 2508 2836 150
2531 2781 2657 2834 nolo

1589 2858 1693 2900 tam
1740 2851 1936 2902 minuta
1992 2850 2286 2915 (minuties)
2341 2850 2469 2900 haec
2526 2865 2649 2900 con-

1588 2919 1799 2969 structio
1831 2927 2100 2985 appareat;
2148 2919 2244 2970 sed
2283 2927 2456 2969 tamen
2500 2919 2657 2968 stilus

1592 2986 1897 3037 exercitatus
1922 2986 2109 3036 efficiet
2129 2986 2334 3036 facilem
2355 2985 2490 3035 hanc
2512 2988 2653 3035 viam

1590 3054 1959 3119 componendi;
1987 3069 2105 3104 nam
2128 3055 2262 3104 utin
2284 3054 2503 3120 legendo
2529 3067 2654 3104 ocu·

1591 3119 1690 3182 lus,
1716 3122 1792 3171 sic
1814 3121 2017 3172 animus
2042 3122 2095 3174 in
2112 3121 2331 3172 dicendo
2354 3122 2653 3188 prospiciet,

1594 3188 1717 3254 quid
1741 3196 2000 3253 sequatur,
2023 3205 2091 3242 ne
2107 3199 2450 3240 extremorum
2471 3191 2651 3240 verbo·

1590 3272 1701 3307 rum
1734 3272 1851 3308 cum
1894 3258 2280 3321 insequentibus
2312 3256 2495 3323 primis
2530 3271 2651 3308 con·

1591 3339 1776 3392 cursus
1806 3332 1894 3376 aut
1924 3324 2121 3375 hiulcas
2153 3339 2307 3375 voces
2342 3323 2535 3375 efficiat
2567 3332 2657 3374 aut

1591 3407 1823 3459 asperas.
1857 3408 2033 3458 asper,
2057 3385 2330 3458 σκληρός,
2353 3393 2424 3441 im
2449 3392 2654 3458 Gegen-

1593 3467 1705 3511 satz
1748 3474 1851 3510 von
1894 3460 2050 3521 levis,
2099 3459 2260 3511 durch
2304 3461 2405 3510 den
2437 3459 2654 3510 Zusam-
2694 3491 2698 3496 ·

1595 3538 1849 3578 menstoss
1870 3526 2029 3579 vieler
2050 3528 2176 3578 oder
2207 3526 2323 3577 hart
2354 3526 2665 3593 klingender

1597 3594 1975 3647 Consonanten.
2021 3596 2231 3658 nivalem,
2266 3595 2339 3645 im
2363 3591 2653 3660 Gegensatz

1593 3677 1698 3715 von
1730 3677 1958 3729 coagm.,
2005 3663 2165 3714 durch
2198 3662 2294 3716 das
2319 3664 2654 3714 zusammen-

1595 3731 1772 3782 treffen
1798 3746 1901 3782 von
1921 3730 2172 3782 Vokaleu.
2230 3731 2404 3794 Quint.
2429 3730 2505 3782 IX
2526 3730 2580 3794 4,
2602 3738 2664 3781 33

1593 3810 1702 3850 tum
1724 3798 1978 3850 vocalium
2002 3813 2299 3861 concursus,
2324 3799 2408 3861 qui
2434 3812 2548 3848 cum
2573 3811 2656 3847 ac-

1600 3867 1738 3925 cidit,
1756 3865 1863 3917 hiat
1881 3877 1931 3917 et
1946 3867 2212 3918 intersistit
2231 3875 2281 3916 et
2297 3866 2444 3931 quasi
2462 3866 2666 3917 laborat

1599 3935 1775 3985 oratio.

1667 4003 2055 4069 quodammodo,
2078 4001 2307 4067 gebat-ig,
2333 4001 2367 4065 s
2390 3998 2475 4052 37.

1666 4076 2071 4135 coagmentatus,
2106 4071 2173 4120 ist
2206 4084 2308 4119 von
2345 4070 2440 4120 der
2463 4070 2662 4135 cigent-

1597 4136 1765 4188 lichen
1788 4136 1882 4188 aur
1900 4137 1985 4188 die
2004 4136 2315 4192 oratorische
2332 4136 2664 4189 Architekto-
