2930 4693
456 202 584 265 200
1031 194 1131 258 DE
1172 194 1532 258 ORATORE
1556 193 1612 257 11
1655 194 1759 256 72.
1801 196 2111 256 zoe-292.

458 372 549 429 est
578 367 658 437 is,
699 367 802 446 qui
838 365 1037 427 iocose
1072 362 1230 427 volet
1257 364 1487 436 dicere,
1537 365 1706 444 quasi
1733 372 1946 425 natura
1973 364 2228 445 quadam
2259 373 2395 445 apta
2424 365 2499 427 ad
2534 367 2699 428 haec

457 469 679 531 genera
706 459 768 511 et
795 449 1079 519 moribus,
1111 458 1177 512 ut
1197 450 1273 511 ad
1295 452 1580 529 cuiusque
1601 449 1765 510 modi
1791 466 1983 528 genus
2010 449 2249 511 ridiculi
2277 450 2469 511 vultus
2500 454 2697 512 etiam

457 535 966 604 accommodetur,
950 554 964 568 ·
1018 537 1121 615 qui
1161 534 1400 614 quidem
1430 552 1551 613 quo
1577 535 1842 594 severior
1869 541 1960 594 ost
1989 543 2049 595 et
2090 537 2344 605 tristior,
2387 544 2454 597 ut
2493 538 2560 596 in
2606 544 2695 607 te,

456 622 693 687 Crasse,
724 621 839 681 hoc
866 617 999 689 illa,
1031 637 1181 700 quae
1211 618 1521 688 dicuntur,
1553 616 1802 680 salsiora
1832 619 2020 680 videri
2047 618 2261 680 solent.

626 705 791 766 Sed
773 723 892 766 iam
924 711 1005 774 tu,
1034 704 1273 774 Antoni,
1311 704 1414 783 qui
1442 702 1559 764 hoc
1588 702 1927 764 deversorio
1957 706 2250 765 sermonis
2277 706 2397 765 mei
2423 703 2695 766 libenter

455 792 863 871 acquieturum
903 796 964 849 te
1005 806 1135 849 esse
1175 788 1403 857 dixisti,
1461 796 1765 867 tamquam
1802 789 1867 848 ιιι
1904 787 2284 867 Pomptinum
2336 788 2690 860 deverteris,

454 892 650 956 neque
679 891 993 935 amoenum
1022 890 1216 953 neque
1257 870 1556 934 salubrem
1598 870 1828 942 locum,
1887 890 2131 943 censeo,
2184 882 2250 934 ut
2291 874 2435 935 satis
2478 874 2583 936 diu
2623 882 2694 936 te

453 967 627 1041 putes
654 959 957 1038 requiesse
988 964 1048 1019 et
1073 959 1190 1018 iter
1218 955 1516 1037 reliquum
1545 957 1841 1018 conficere
1867 974 2104 1036 pergae.

621 1043 748 1121 Ego
777 1061 946 1112 vero,
991 1049 1167 1122 atque
1195 1040 1385 1103 hilare
1413 1040 1655 1122 quidem
1697 1060 1729 1102 a
1770 1050 1832 1102 te
1861 1049 2164 1121 acceptus,
2208 1043 2495 1122 inquit,
2541 1062 2690 1105 cum

453 1128 683 1190 doctior
712 1144 821 1207 per
848 1134 939 1197 te,
980 1133 1107 1188 tum
1139 1128 1317 1187 etiam
1346 1126 1630 1188 audacior
1656 1126 1848 1187 factus
1875 1144 2008 1187 sum
2037 1126 2113 1187 ad
2139 1127 2477 1188 iocandum.
2547 1128 2691 1189 Non

456 1214 617 1274 enim
647 1230 856 1271 vereor
885 1229 962 1272 ne
989 1212 1122 1290 quis
1149 1220 1247 1272 nie
1273 1212 1340 1272 ιιι
1365 1212 1482 1272 isto
1527 1228 1746 1289 genere
1789 1209 2073 1272 leviorem
2114 1213 2235 1272 iam
2278 1220 2446 1292 putet
2461 1260 2478 1283 ,
2532 1231 2687 1293 quo-

455 1298 615 1359 niam
656 1296 894 1376 quidem
936 1303 999 1356 tu
1040 1295 1345 1357 Fabricios
1382 1295 1533 1356 mihi
1571 1303 1847 1358 auctores
1886 1301 1947 1356 et
1982 1296 2321 1367 Africanos,
2367 1297 2686 1368 Maximos,

321 1394 421 1448 291
454 1382 732 1451 Catones,
773 1379 1029 1460 Lepidos
1055 1379 1373 1461 protulisti.
1444 1380 1563 1441 Sed
1593 1379 1826 1441 habetis
1854 1398 1952 1451 ea,
1995 1398 2147 1460 qnae
2179 1381 2441 1442 voluistis
2472 1400 2549 1444 ex
2580 1401 2684 1442 me

454 1462 688 1536 audire,
720 1466 796 1526 de
823 1464 1036 1545 quibus
1064 1465 1305 1545 quidem
1334 1466 1666 1527 accuratius
1696 1464 2013 1526 dicendum
2043 1473 2103 1526 et
2131 1466 2518 1543 cogitandum
2550 1467 2683 1528 suit.

454 1552 607 1614 Nam
634 1558 831 1613 cetera
860 1549 1125 1613 faciliora
1156 1557 1295 1612 sunt
1321 1557 1499 1630 atque
1545 1567 1616 1610 ex
1659 1551 1775 1621 eiS,
1829 1568 1982 1629 quae
2022 1550 2179 1611 dicta
2223 1560 2387 1622 sunt,
2444 1550 2680 1632 reliqua

456 1643 782 1699 nascuntur
810 1637 1029 1699 omnia.

330 1722 414 1800 72
625 1721 749 1799 Ego
794 1723 952 1781 enim
995 1738 1130 1781 cum
1173 1720 1249 1781 ad
1282 1731 1521 1782 causam
1563 1738 1697 1780 sum
1727 1736 2041 1798 aggressus
2070 1726 2248 1799 atque
2290 1721 2491 1780 omnia
2522 1723 2687 1799 cogi-

455 1806 674 1875 tando,
718 1803 915 1885 quoad
944 1804 1145 1865 facere
1174 1806 1369 1884 potui,
1413 1810 1789 1884 persecutus,
1832 1822 1970 1865 cum
2000 1812 2061 1865 et
2089 1813 2440 1882 argumenta
2469 1822 2688 1866 causae

457 1898 517 1952 et
545 1906 648 1951 eos
675 1887 867 1957 locos,
922 1888 1137 1967 quibus
1178 1889 1361 1950 animi
1386 1889 1649 1950 iudicum
1679 1887 2099 1959 conciliantur,
2154 1899 2214 1949 et
2252 1889 2415 1958 illos,
2468 1889 2689 1970 quibus

455 1979 897 2054 permoventur,
930 1973 1047 2033 vidi
1075 1981 1251 2052 atque
1280 1974 1559 2052 cognovi.
1593 1981 1718 2034 tum
1748 1974 2063 2043 constituo,
2094 1974 2240 2053 quid
2268 1973 2486 2036 habeat
2506 1992 2686 2036 causa

455 2076 725 2139 quaeque
762 2056 935 2128 boni,
990 2057 1131 2138 quid
1171 2055 1328 2118 mali.
1417 2055 1589 2119 Nulla
1630 2059 1789 2119 enim
1832 2058 1961 2119 fere
2003 2076 2102 2120 res
2128 2065 2326 2138 potest
2351 2061 2418 2119 ιιι
2446 2059 2689 2120 dicendi

457 2143 945 2223 disceptationem
975 2150 1077 2203 aut
1106 2144 1575 2204 controversiam
1605 2144 1830 2211 vocari,
1876 2161 2028 2222 quae
2058 2161 2178 2204 non
2208 2143 2425 2205 habeat
2452 2151 2684 2205 utrum-

323 2245 427 2298 292
458 2246 603 2309 que;
646 2228 749 2289 sed
780 2233 1063 2307 quantum
1094 2226 1310 2289 habeat
1337 2227 1395 2287 id
1426 2227 1632 2288 refert.
1712 2228 1843 2288 Mea
1873 2236 2070 2289 autem
2097 2229 2252 2288 ratio
2281 2228 2430 2289 haec
2460 2247 2592 2290 esse
2621 2231 2686 2291 ιιι

458 2312 710 2375 dicendo
739 2311 918 2383 solet,
971 2320 1037 2374 ut
1066 2311 1209 2375 boni
1236 2311 1395 2394 quod
1425 2308 1668 2384 babeat,-
1720 2312 1784 2373 id
1812 2311 2168 2393 amplectar,
2213 2330 2530 2385 exornem,
2578 2333 2681 2375 ex

455 2415 763 2476 aggerem,
795 2396 882 2458 ibi
910 2416 1276 2468 commorer,
1319 2396 1403 2458 ibi
1432 2397 1724 2468 habitem,
1767 2396 1851 2458 ibi
1879 2398 2189 2469 haeream,
2234 2417 2269 2459 a
2298 2397 2454 2460 malo
2483 2406 2685 2461 autem

452 2483 708 2563 vitioque
738 2497 948 2545 causae
976 2483 1059 2546 ita
1086 2481 1390 2553 recedam,
1435 2500 1559 2543 non
1586 2488 1654 2543 ut
1679 2482 1742 2542 id
1769 2500 1865 2543 me
1896 2482 2180 2561 defugere
2210 2491 2521 2564 appareat,
2567 2483 2679 2546 sed

451 2575 518 2629 ut
544 2575 735 2631 totum
763 2567 924 2630 bono
952 2567 1054 2630 illo
1085 2567 1352 2630 ornando
1384 2574 1443 2628 et
1473 2566 1743 2647 augendo
1774 2566 2204 2630 dissimulatum
2230 2567 2540 2631 obruatur.
2585 2568 2678 2640 Et,

327 716 430 770 290

1682 2786 1768 2842 72.
1804 2790 2056 2840 constituo
2090 2797 2186 2840 etc.
2236 2788 2317 2840 Or.
2349 2788 2429 2848 15,
2464 2797 2518 2839 48
2541 2787 2579 2840 f.
2625 2800 2683 2841 ut

1616 2865 1817 2921 segetes
1840 2855 2091 2906 fecundae
2114 2865 2164 2906 et
2184 2857 2368 2907 uberes
2393 2871 2494 2908 non
2514 2856 2683 2908 solum

1613 2922 1807 2989 fruges,
1831 2939 2007 2973 verum
2030 2924 2212 2976 herbas
2237 2926 2389 2974 etiam
2414 2925 2685 2976 effundunt

1615 2992 1996 3042 inimicissimas
2019 2991 2277 3057 frugibus,
2315 2993 2391 3043 sic
2425 2993 2685 3044 interdum

1619 3074 1683 3110 ex
1716 3059 1815 3109 illis
1851 3060 1979 3109 loeis
2012 3067 2102 3110 aut
2142 3060 2275 3110 levia
2308 3060 2559 3123 quaedam
2594 3068 2685 3112 aut

1617 3128 1787 3178 causis
1804 3127 1969 3177 aliena
1979 3136 2068 3178 aut
2083 3143 2191 3178 non
2208 3128 2354 3181 utilia
2371 3129 2681 3193 gignuntur3

1618 3209 1832 3258 quorum
1866 3196 1931 3245 ab
1964 3196 2177 3246 oratoris
2221 3196 2407 3247 iudicio
2453 3198 2684 3247 delectus

1616 3278 1835 3327 magnus
1854 3263 1955 3313 nisi
1970 3263 2309 3326 adhibebitur,
2331 3277 2557 3327 quonam
2575 3279 2686 3314 mo-

1619 3331 1685 3382 do
1708 3330 1795 3381 ille
1823 3332 1879 3381 in
1912 3330 2057 3381 bonis
2087 3332 2320 3382 haerebit
2352 3339 2402 3381 et
2434 3332 2685 3384 habitabit

1616 3401 1743 3458 suia,
1785 3406 1873 3448 aut
1906 3398 2100 3449 molliet
2130 3400 2258 3450 dura
2291 3408 2378 3449 aut
2410 3400 2685 3451 occultabit

1618 3482 1752 3529 quae
1774 3466 1901 3517 dilui
1925 3481 2030 3516 non
2049 3474 2289 3533 poterunt
2303 3475 2457 3531 atque
2481 3470 2681 3521 omnino

1618 3535 1894 3599 opprimet,
1919 3535 1965 3585 si
1987 3535 2186 3598 licebit,
2211 3545 2300 3585 aut
2320 3536 2544 3586 abducet
2567 3536 2682 3586 ani-

1618 3616 1730 3652 mos
1753 3611 1841 3652 aut
1857 3602 1997 3653 aliud
2013 3603 2206 3664 afferet,
2231 3603 2371 3665 quod
2388 3604 2682 3669 oppositum

1616 3670 1932 3735 probabilius
1958 3671 2024 3721 sit
2046 3685 2194 3734 quam
2230 3671 2385 3733 illud,
2424 3672 2565 3734 quod
2588 3673 2680 3722 ob-

1616 3738 1790 3792 stabit.

519 2797 614 2839 290.
675 2790 880 2848 dixisti,
937 2785 969 2854 S
1015 2787 1133 2841 234.
1214 2804 1396 2841 censeo
1440 2795 1513 2846 ut,

454 2854 665 2907 Schultz
687 2854 721 2922 S
745 2854 866 2910 398.
896 2855 944 2907 1.

519 2946 673 3005 atque
695 2941 860 2990 hilare
882 2941 1094 3004 quidem,
1116 2941 1224 2990 und
1243 2940 1393 2989 dabei
1410 2955 1511 2990 von

452 3007 618 3058 eiuem
651 3021 709 3057 so
746 3007 973 3057 heiteren
1005 3007 1173 3056 Wirte
1211 3007 1515 3073 aufgenom-

450 3088 592 3193 meg:
607 3144 697 3201 uit,
721 3142 854 3193 ohne
872 3141 1237 3208 Hinzuffigung
1259 3143 1350 3194 des
1375 3157 1515 3197 nom.

587 3210 882 3275 Antonius),
907 3211 1002 3260 wie
1029 3210 1061 3273 5
1082 3208 1180 3261 128
1204 3210 1516 3277 (beidemale

450 3224 583 3330 nach
606 3293 1146 3346 voransgegangeuem
1173 3278 1409 3345 Antoni).

521 3364 638 3416 Non
658 3366 786 3415 enim
802 3380 987 3416 vereor
1004 3372 1120 3428 etc„
1150 3362 1379 3429 zugleich
1401 3364 1516 3413 eine

450 3432 544 3482 Art
557 3431 1135 3497 Selbstrechtfertigung
1147 3431 1368 3493 Ciceros,
1397 3432 1515 3482 dem

452 3501 595 3550 seine
640 3498 878 3565 hfiufigen
925 3499 1227 3552 Witzreden
1275 3499 1351 3548 oft
1398 3515 1515 3549 zum

450 3567 693 3618 Vorwurf
721 3566 955 3631 gemacht
978 3567 1185 3617 wurden
1221 3564 1419 3633 (‘quam
1443 3569 1517 3617 ri-

451 3634 678 3688 diculum
710 3635 974 3684 consulem
1005 3632 1299 3699 habemns’)
1342 3634 1516 3695 Quint.

449 3704 523 3757 VI
548 3700 598 3765 3,
624 3711 649 3751 2
673 3700 710 3751 f.
735 3717 786 3767 p.
813 3702 984 3753 Plane.
1010 3700 1094 3766 34,
1120 3712 1187 3753 85.

519 3785 801 3846 Fabricios,
826 3786 858 3848 S
875 3783 995 3836 268.
1020 3785 1321 3849 Africanos,
1345 3787 1378 3848 S
1395 3786 1517 3839 253.

449 3852 568 3905 258.
592 3851 709 3903 270.
736 3852 854 3903 272.
904 3853 1180 3914 Maoeimos,
1207 3856 1239 3918 S
1261 3853 1380 3905 273.
1420 3854 1517 3906 Ga·

451 3928 617 3982 eones,
642 3919 674 3987 S
699 3918 819 3971 256.
846 3919 966 3972 271.
1001 3922 1249 3987 Lepidm,
1275 3918 1308 3988 S
1330 3922 1447 3976 287.

518 4014 613 4058 291.
650 4012 828 4057 cetera
849 4031 914 4042 —-
939 4005 1095 4055 damit
1119 4006 1243 4057 wird
1267 4008 1358 4057 der
1383 4009 1514 4058 oben

449 4069 482 4136 S
506 4072 609 4123 216
641 4072 1025 4138 abgebrochene
1049 4074 1220 4124 Faden
1254 4091 1346 4125 zur
1369 4076 1516 4126 Voll—

452 4140 660 4203 endung
691 4140 782 4189 der
814 4139 978 4189 Lehre
1015 4154 1114 4191 von
1158 4141 1247 4191 der
1287 4144 1513 4195 inventio

452 4204 640 4257 wieder
664 4207 1077 4273 autgenommen.

1684 3814 1779 3856 292.
1802 3806 2032 3865 habitem,
2058 3808 2081 3856 I
2105 3803 2188 3869 38,
2214 3815 2318 3866 171;
2342 3804 2426 3869 62,
2450 3815 2545 3858 264.
2572 3809 2678 3858 dis-

1615 3874 1919 3991 zimulatum,
1952 3873 2030 3924 als
2060 3876 2196 3925 ware
2228 3887 2321 3940 gar
2353 3875 2469 3925 kein
2498 3876 2679 3926 vitium

1654 3957 1702 3992 a.

1685 4009 1955 4070 obruatur,
1981 4012 2003 4059 I
2027 4010 2110 4074 25,
2140 4019 2233 4066 116.
2281 4010 2363 4064 Or.
2387 4019 2517 4076 part.
2542 4010 2601 4073 5,
2628 4020 2679 4062 15

1614 4076 1934 4128 firmamenta
1971 4089 2062 4128 aut
2102 4094 2194 4145 per
2226 4095 2284 4128 se
2318 4079 2559 4136 diluenda
2592 4088 2679 4130 aut

1614 4145 1930 4195 obscuranda
1963 4154 2051 4196 aut
2086 4147 2491 4211 digressionibus
2527 4147 2680 4198 obru*

1614 4213 1749 4265 enda
1773 4212 1914 4276 (vom
1936 4212 2337 4280 Angeklagten).
