2930 4693
300 780 370 833 67

302 1785 375 1839 68

411 180 540 247 248
1017 174 1116 238 DE
1159 172 1520 236 ORATORE
1551 173 1639 235 m
1686 175 1785 237 18.
1826 180 1914 234 67.
1956 181 2044 235 68.

412 343 724 413 eiusmodi,
754 361 872 423 quo
900 343 990 404 uti
1016 341 1091 404 ad
1122 341 1330 421 vulgus
1356 340 1523 403 nullo
1551 341 1731 403 modo
1761 343 1965 422 possit.
2052 340 2182 403 Alia
2211 342 2371 404 enim
2403 349 2463 404 et
2489 341 2658 404 bana

415 438 477 492 et
502 427 659 492 mala
685 427 959 489 videntur
988 427 1205 488 Stoicis
1248 434 1309 487 et
1337 427 1553 488 ceteris
1584 426 1807 488 civibus
1835 426 1932 487 vel
1957 427 2154 506 potius
2182 426 2489 505 gentibus3
2534 426 2658 488 alia

413 516 502 576 vis
529 513 792 583 honoris,
821 512 1205 590 ignominiae,
1247 512 1518 591 praemii,
1562 510 1867 591 supplicii;
1914 529 2054 572 vere
2084 529 2162 572 an
2191 528 2366 573 secus
2394 510 2543 572 nihil
2573 511 2656 572 ad
2727 568 2730 571 .

413 599 529 661 hoc
556 605 820 678 tempus;
853 595 957 657 sed
988 614 1058 657 ea
1087 597 1139 658 si
1167 612 1502 676 sequamur,
1535 594 1756 657 nullam
1789 614 2071 676 umquam
2099 613 2231 657 rem
2261 595 2516 656 dicendo
2545 613 2657 656 ex-

411 682 619 765 pedire
646 682 962 761 possimus.

579 763 815 846 Reliqui
835 772 975 826 sunt
995 765 1372 844 Peripatetici
1397 772 1458 825 et
1477 763 1845 832 Academici:
1879 781 2236 844 quamquam
2259 763 2654 826 Academico-

411 869 549 913 rum
579 867 798 910 nomen
827 856 919 909 est
947 867 1148 920 unum,
1180 850 1512 910 sententiae
1542 847 1712 909 duae.
1787 848 1939 910 Nam
1970 849 2353 928 Speusippus,
2385 848 2658 909 Platonis

412 936 638 997 sororis
664 932 838 1005 filius,
885 940 945 993 et
971 933 1355 1003 Xenocrates,
1398 933 1504 1012 qui
1530 932 1840 995 Platonem
1884 932 2170 1003 audierat,
2216 939 2277 994 et
2317 934 2420 1012 qui
2449 932 2657 993 Xeno-

413 1025 649 1080 cratem·
668 1017 912 1079 Polemo
964 1024 1024 1078 et
1066 1018 1317 1079 Crantor
1358 1016 1511 1077 nihil
1552 1016 1627 1077 ab
1668 1015 1984 1078 Aristotele
1999 1064 2017 1087 ,
2070 1018 2175 1097 qui
2217 1034 2337 1078 una
2379 1016 2659 1078 audierat

413 1102 750 1173 Platonem,
793 1118 1009 1179 magno
1052 1119 1234 1181 opere
1276 1101 1581 1171 dissensit;
1626 1102 1796 1181 copia
1837 1101 2090 1162 fortasse
2132 1108 2193 1161 et
2234 1102 2520 1162 varietate
2561 1100 2655 1161 di-

420 1187 594 1248 cendi
621 1202 799 1265 pares
827 1203 950 1246 non
977 1185 1236 1246 fuerunt.
1280 1184 1573 1247 Arcesilas
1601 1186 1880 1265 primum,
1912 1187 2016 1265 qui
2037 1184 2423 1247 Polemonem
2447 1185 2655 1246 audie-

417 1278 527 1341 rat,
574 1287 648 1330 ex
675 1271 853 1330 variis
880 1268 1143 1332 Platonis
1170 1268 1341 1330 libris
1369 1268 1866 1349 sermonibusque
1897 1269 2216 1331 Socraticis
2244 1270 2360 1334 hoc
2389 1270 2656 1330 maxime

418 1353 703 1434 adripuit,
757 1353 906 1415 nihil
952 1372 1083 1415 esse
1125 1356 1301 1426 certi,
1356 1354 1516 1434 quod
1554 1360 1658 1415 aut
1705 1353 1977 1414 sensibus
2028 1361 2131 1415 aut
2179 1355 2379 1415 animo
2418 1353 2657 1433 percipi

416 1441 630 1519 possit;
671 1456 850 1518 quem
889 1437 1094 1499 ferunt
1121 1440 1336 1499 eximio
1366 1438 1624 1518 quodam
1653 1456 1825 1499 usum
1868 1436 2073 1518 lepore
2103 1438 2341 1498 dicendi
2369 1455 2657 1516 asperna-

415 1530 541 1584 tum
585 1540 715 1583 esse
764 1541 942 1583 omne
983 1523 1167 1583 animi
1210 1538 1539 1602 sensusque
1579 1521 1863 1583 iudicium
1894 1524 2273 1603 primumque
2315 1523 2652 1583 instituisse

422 1607 796 1687 (quamquam
837 1605 900 1666 id
943 1606 1055 1667 fuit
1094 1607 1464 1668 Socraticum
1507 1607 1804 1687 maxime),
1871 1624 1994 1667 non
2032 1607 2174 1687 quid
2226 1608 2355 1686 ipse
2398 1607 2656 1666 sentiret

418 1691 753 1761 ostendere,
795 1690 901 1752 sed
940 1699 1149 1753 contra
1186 1691 1266 1761 id,
1311 1690 1469 1771 quod
1499 1693 1749 1771 quisque
1778 1709 1843 1751 se
1873 1692 2097 1763 sentire
2140 1691 2401 1762 dixisset,
2446 1690 2655 1770 dispu-

418 1784 566 1837 tare.
624 1775 778 1836 Hinc
805 1776 955 1836 haec
983 1775 1283 1837 recentior
1310 1775 1626 1836 Academia
1655 1777 1928 1845 manavit,
1961 1777 2025 1835 in
2052 1793 2169 1854 qua
2198 1775 2423 1836 exstitit
2451 1774 2655 1835 divina

420 1859 673 1939 quadam
716 1858 1018 1919 celeritate
1055 1861 1282 1938 ingenii
1329 1859 1682 1940 dicendique
1723 1860 1894 1939 copia
1925 1860 2289 1930 Carneades;
2334 1860 2503 1920 cuius
2543 1876 2659 1937 ego

421 1945 532 2003 etsi
559 1940 777 2004 multos
806 1943 1104 2004 auditores
1144 1945 1393 2022 cognovi
1418 1944 1684 2016 Athenis,
1730 1951 1929 2004 tamen
1970 1951 2245 2005 auctores
2291 1944 2660 2004 certissimos

418 2025 661 2087 laudare
705 2043 946 2107 possum
998 2034 1058 2088 et
1096 2045 1370 2088 socerum
1417 2033 1642 2090 meum·
1661 2027 2032 2099 Scaevolam,
2088 2029 2190 2108 qui
2243 2045 2382 2088 eum
2426 2028 2658 2089 Romae

420 2243 520 2277 nen
568 2242 626 2277 ae
668 2236 839 2277 tamen
886 2225 1165 2294 (attamen)
1214 2244 1279 2277 zu
1325 2227 1483 2279 lesen.

421 2295 638 2348 Crassus
663 2295 900 2346 schliesst
923 2296 1066 2345 seine
1086 2295 1490 2346 Charakteristik

420 2364 513 2413 der
529 2363 787 2414 stoischen
805 2362 1309 2430 (philosophischen)
1329 2364 1488 2430 Spra-

421 2430 515 2480 che
539 2432 727 2494 damit,
763 2432 886 2481 dass
923 2448 977 2482 er
1009 2433 1133 2482 alles
1166 2432 1221 2481 in
1245 2432 1345 2481 den
1371 2441 1484 2481 ent-

420 2498 765 2549 scheidenden
790 2499 1125 2565 Hauptpunkt
1161 2513 1487 2549 zusammen·

419 2566 574 2615 fasst:
602 2567 678 2616 sie
694 2566 877 2616 weicht
895 2566 1033 2616 nicht
1052 2582 1149 2616 nur
1167 2580 1284 2617 vom
1297 2567 1485 2616 Volks-

419 2641 509 2684 ton
542 2634 607 2683 ab
643 2631 947 2699 (abhorrens
971 2635 1036 2684 ab
1061 2634 1269 2684 auribus
1293 2631 1484 2700 vulgi),

421 2701 642 2751 sondern
675 2702 943 2752 verbindet
975 2701 1103 2752 auch
1142 2702 1235 2751 mit
1268 2702 1367 2751 den
1393 2716 1484 2766 ge-

420 2767 741 2819 wiihnlichen
763 2769 979 2819 Worten
1012 2783 1145 2834 ganz
1177 2770 1365 2818 andere
1389 2768 1487 2817 Be-

419 2835 777 2899 griffe,sodass
794 2850 911 2885 man
930 2836 1214 2901 uberhaupt
1229 2836 1339 2885 ih're
1351 2838 1487 2885 Aus-

422 2903 766 2952 drncksweise
782 2902 1059 2954 hiichstens
1080 2919 1177 2953 nur
1194 2905 1384 2954 wieder
1395 2917 1489 2953 vor

423 2969 659 3019 Stoikern
668 2969 989 3036 gebrauchen
1008 2972 1164 3020 kann.
1190 2971 1336 3020 Denn
1351 2972 1488 3020 Aus-

422 3036 643 3087 nahmen
688 3038 785 3087 wie
827 3037 911 3087 die
946 3038 1035 3087 des
1073 3036 1194 3087 Cato
1229 3037 1487 3088 Uticensis

422 3104 538 3163 sind
564 3104 685 3154 sehr
707 3106 894 3155 selten:
921 3105 1103 3154 Parati.
1129 3119 1356 3170 prooem.
1377 3105 1490 3155 ani-

420 3173 699 3235 madverti,
732 3186 888 3238 saepe
912 3172 1158 3223 Catonem
1191 3199 1256 3208 —
1293 3187 1410 3222 cum
1433 3173 1486 3222 in

421 3248 604 3290 senatu
634 3242 939 3290 sententiam
965 3241 1176 3303 diceret,
1203 3240 1344 3290 locos
1368 3254 1491 3306 gra-

420 3322 512 3357 ves
532 3323 597 3357 ex
614 3307 940 3374 philosophia
956 3316 1185 3369 tractare,
1206 3309 1492 3360 abhorren-

423 3382 500 3426 tes
529 3376 593 3426 ab
617 3377 714 3427 lzoc
734 3392 828 3427 usu
846 3378 1052 3442 forensi
1080 3383 1132 3427 et
1148 3377 1369 3441 publico,
1396 3375 1488 3425 sed

421 3445 637 3494 dicendo
655 3445 902 3507 consequi
923 3453 1120 3503 tamen,
1145 3453 1202 3493 ut
1223 3443 1312 3494 illa
1336 3444 1487 3492 etiam

418 3512 610 3577 populo
643 3512 927 3577 probabilia
959 3512 1267 3564 viderentur.
1338 3510 1489 3571 Quod

421 3593 480 3628 eo
515 3580 682 3629 maius
717 3587 795 3629 est
826 3580 924 3641 illi,
968 3594 1119 3643 quam
1153 3587 1242 3629 aut
1271 3579 1362 3628 tibi
1398 3585 1488 3627 aut

419 3647 593 3705 nobis,
643 3647 764 3708 quia
797 3661 891 3697 nos
925 3663 984 3697 ea
1018 3645 1345 3713 philosophia
1366 3645 1488 3711 plus

418 3715 610 3764 utimur
633 3712 693 3779 (ς
716 3712 838 3781 68),
888 3729 1022 3779 quae
1057 3715 1256 3781 peperit
1279 3713 1488 3763 dicendi

420 3783 620 3848 copiam
645 3789 695 3832 et
725 3783 780 3832 in
814 3797 914 3845 qua
949 3783 1187 3832 dicuntur
1220 3796 1305 3844 ea,
1355 3795 1488 3844 quae

421 3864 523 3899 non
563 3850 776 3900 multum
820 3849 1111 3916 discrepant
1144 3851 1208 3904 ,ab
1245 3850 1488 3914 opinione

419 3918 680 3983 populari,
709 3918 830 3969 Cato
856 3927 1054 3980 autem,
1089 3917 1347 3984 perfectus
1371 3931 1488 3966 mea

421 3987 675 4036 sententia
698 3985 927 4049 Stoicus,
965 3994 1015 4034 et
1043 4000 1103 4036 ea
1136 3986 1317 4048 sentit,
1354 4000 1487 4047 quae

421 4066 526 4102 non
549 4069 674 4104 sane
705 4056 985 4119 probantur
1017 4054 1071 4103 in
1107 4053 1314 4119 vulgus,
1351 4061 1400 4102 et
1431 4054 1487 4101 in

424 4132 484 4166 ea
509 4127 586 4169 est
607 4120 808 4171 haeresi
840 4118 1079 4187 (Sekte),
1124 4135 1256 4183 quae
1289 4119 1487 4170 nullum

423 4188 651 4247 sequitur
672 4189 850 4238 florem
872 4189 1134 4252 orationis,
1160 4203 1330 4252 neque
1353 4188 1489 4238 dila-

1588 2237 1662 2280 tat
1694 2227 1745 2294 (Ι
1772 2228 1867 2289 35,
1894 2226 1997 2292 163)
2031 2236 2413 2294 arg-omentum,
2439 2229 2533 2279 sed
2555 2228 2660 2277 mi-

1591 2298 1728 2348 nutis
1752 2297 2265 2362 interrogatiunculis,
2285 2297 2432 2361 qnasi
2450 2297 2661 2365 punctis

1590 2367 1728 2429 quod
1752 2365 2018 2430 proposuit
2041 2364 2212 2416 efficit.

1659 2435 1937 2496 expedire,
1985 2434 2099 2482 weil
2144 2447 2243 2482 uns
2277 2431 2502 2482 nfimlich
2535 2432 2662 2481 kein

1591 2499 1800 2550 Mensch
1823 2498 2063 2549 versteht.
2617 2535 2620 2540 «

1659 2576 1725 2617 67.
1761 2569 2047 2617 sententiae
2071 2568 2228 2629 duae,
2257 2567 2384 2616 zwei
2405 2564 2661 2616 Richtun-

1587 2648 1715 2700 gen,
1742 2634 1962 2690 namlich
1988 2634 2073 2683 die
2094 2634 2252 2697 alte,
2290 2634 2373 2684 die
2397 2633 2529 2683 noch
2551 2648 2660 2683 von

1588 2702 1759 2752 Platos
1794 2701 2008 2751 Schiiler
2042 2702 2344 2752 Aristoteles
2384 2700 2527 2750 nicht
2562 2703 2661 2752 ab-

1588 2769 1745 2829 wich,
1768 2769 1895 2819 ·und
1936 2769 2019 2819 die
2055 2779 2212 2819 nene
2234 2769 2540 2825 Akademie‚
2569 2768 2662 2818 die

1589 2852 1696 2886 nun
1754 2838 1901 2886 einen
1952 2838 2316 2887 besondern
2365 2836 2663 2887 Grundsatz

1587 2903 1875 2954 hervorhob
1917 2905 2025 2953 und
2069 2918 2132 2953 an
2168 2904 2252 2953 die
2276 2903 2455 2970 Spitze
2490 2904 2666 2954 stellte

1591 2969 1662 3037 (s.
1688 2972 1795 3022 ind.
1820 2971 1990 3033 acad.)

1659 3040 1925 3097 dissensit,
1974 3040 2023 3087 ΙΙ
2056 3037 2084 3087 1
2101 3074 2118 3102 ,
2150 3047 2177 3087 2
2222 3038 2469 3100 narravit,
2513 3038 2572 3099 7,
2607 3046 2664 3089 26

1591 3112 1872 3171 exspectat.
1919 3106 2021 3155 Der
2043 3107 2178 3170 sing.
2215 3106 2408 3155 kt‘mnte
2432 3104 2544 3154 hier
2566 3106 2665 3155 da-

1592 3172 1749 3224 durch
1776 3174 2059 3224 veranlasst
2093 3174 2229 3237 sein,
2264 3173 2386 3222 dass
2413 3173 2528 3222 dem
2552 3173 2665 3223 Re-

1592 3241 1793 3292 denden
1828 3240 1968 3290 nicht
2000 3241 2084 3291 die
2114 3240 2517 3291 verschiedenen
2540 3241 2666 3290 Per-

1591 3308 1958 3359 sonlichkeiten
1992 3308 2068 3358 als
2101 3307 2301 3370 solche,
2345 3309 2570 3358 sondern
2603 3308 2665 3358 in

1591 3375 1727 3426 ihrer
1750 3377 1931 3426 innern
1954 3375 2157 3426 Einheit
2180 3375 2256 3425 als
2279 3375 2543 3425 Vertreter
2566 3375 2664 3426 des

1591 3443 2005 3510 einenSystems,
2018 3444 2127 3493 also
2146 3442 2423 3509 gleichsam
2445 3444 2523 3493 als
2544 3444 2665 3494 eine

1587 3512 1783 3562 Person
1817 3511 2180 3562 vorschweben
2211 3511 2373 3573 (Brut.
2408 3509 2469 3573 8,
2505 3519 2579 3561 30.
2614 3526 2665 3561 s.

1588 3580 1696 3631 ind.
1723 3576 1981 3645 Sophist.)
2008 3577 2271 3643 (wahrend
2292 3577 2518 3627 hernach
2542 3579 2668 3628 wie-

1590 3648 1685 3697 der.
1700 3647 1795 3696 das
1809 3645 2142 3697 individuelle
2165 3645 2474 3706 hervortritt,
2500 3645 2666 3696 daher

1588 3711 1841 3777 fuerunt).
1887 3715 2102 3765 Lambin
2124 3714 2413 3778 corrigiert=
2454 3714 2662 3763 dissen—

1591 3788 1792 3845 serunt,
1820 3781 1985 3831 Bake:
2012 3782 2340 3832 dissentiunt.

1652 3851 1893 3915 primum,
1931 3864 2047 3901 zum
2072 3856 2238 3900 ersten
2262 3848 2364 3898 mal
2397 3846 2530 3911 (was
2554 3849 2664 3900 bis-.

1589 3916 1681 3966 her
1702 3915 1837 3966 noch
1861 3916 2002 3966 nicht
2025 3916 2315 3983 gescheheu
2340 3916 2483 3977 war).

1656 3986 1803 4042 certi,
1829 3985 1851 4034 I
1876 3983 1962 4048 51,
1987 3994 2082 4036 222.
2119 3984 2454 4044 Socraticum,
2479 3997 2524 4034 s.
2550 3983 2660 4034 ind.

1591 4052 1845 4103 Socrates.
2014 4058 2016 4062 ’

1657 4128 1724 4171 68.
1761 4126 2014 4180 auctores,
2039 4118 2512 4170 Gewfihrsmanner.
2557 4118 2670 4169 Ro-

1588 4203 1727 4247 mae,
1753 4188 1887 4237 Einl.
1913 4190 1936 4239 Ι
1961 4187 1992 4251 ξ
2020 4186 2067 4250 1,
2092 4197 2119 4237 2
2140 4187 2246 4237 und
2272 4186 2353 4250 14,
2377 4194 2472 4238 164.
