2930 4693
895 218 993 284 DE
1024 220 1381 284 ORATORE
1411 221 1436 281 1
1467 219 1526 286 8.
1559 229 1644 280 29.
1676 228 1761 285 30.
2367 228 2445 290 17

2377 350 2387 377 Ι

201 393 274 454 in
301 392 574 455 Phaedro
614 391 910 454 Platonis?
967 394 1115 455 Nam
1147 411 1244 453 me
1272 393 1421 454 haec
1462 399 1562 469 tua
1607 391 1882 472 platanus
1911 392 2244 463 admonuit,
2294 412 2447 473 quae

205 496 334 539 non
358 479 553 539 minus
578 477 649 539 ad
674 478 1046 558 opacandum
1068 479 1229 540 hune
1251 477 1447 540 locum
1472 476 1688 558 patulis
1711 483 1800 538 est
1822 476 2028 538 diffusa
2044 478 2242 549 ramis,
2270 498 2444 558 quam

201 562 327 634 illa,
360 565 527 625 cuius
557 561 828 625 umbram
860 570 1097 625 secutus
1128 563 1522 633 estSocrates,
1553 581 1705 643 quae
1734 563 1881 623 mihi
1913 561 2144 623 videtur
2172 581 2293 623 non
2324 570 2444 625 tam

201 641 345 729 ipsi
368 647 599 728 aquulass
629 666 785 726 quae
815 647 1204 717 describitur,
1249 666 1424 728 quam
1458 648 1721 710 Platonis
1762 649 2030 708 oratione
2061 650 2344 723 crevisse,
2388 656 2449 710 et

203 734 367 813 quod
407 732 506 793 ille
548 733 879 794 durissimis
920 732 1170 813 pedibus
1201 733 1369 804 fecit,
1421 740 1486 793 ut
1526 752 1590 793 se
1633 731 1920 793 abiiceret
1960 733 2023 792 in
2052 731 2240 793 herba
2271 740 2446 813 atque

204 819 289 880 ita
320 817 451 889 illa,
485 836 635 898 quae
681 816 1021 898 philosophi
1052 818 1329 879 divinitus
1359 819 1562 880 ferunt
1591 836 1720 878 esse
1751 817 1937 887 dicta,
1975 816 2350 897 loqueretur,
2383 818 2443 878 id

203 905 359 964 meis
398 902 654 984 pedibus
695 909 858 963 certe
903 903 1151 964 concedi
1194 910 1284 964 est
1328 906 1592 984 aequius,
1664 903 1816 964 Tum
1856 903 2210 965 CRASSUM=
2257 903 2444 965 Immo
2491 902 2559 954 29

200 1007 349 1049 vero
394 987 763 1050 commodius
806 990 1013 1058 etiam;
1063 987 1452 1068 pulvinosque
1498 990 1838 1068 poposcisse
1880 996 1941 1049 et
1990 1006 2199 1049 omnes
2251 989 2315 1048 in
2360 990 2446 1049 eis

197 1073 476 1144 sedibus,
509 1092 661 1154 quae
692 1079 863 1134 erant
891 1073 1000 1134 sub
1030 1072 1297 1153 platano,
1330 1073 1670 1135 consedisse
1701 1072 1954 1134 dicebat.

374 1157 464 1219 Ibi
505 1166 568 1220 ut
598 1177 671 1219 ex
699 1159 951 1238 pristino
980 1177 1257 1220 sermone
1286 1157 1701 1220 relaxarentur
1731 1159 1914 1219 animi
1943 1160 2238 1231 omnium,
2294 1157 2446 1219 sole·
2489 1150 2534 1221 8

196 1243 308 1304 hat
330 1244 499 1306 Cotta
532 1261 795 1312 narrare,
829 1244 1150 1306 CRASSUM
1179 1261 1517 1305 sermonem
1550 1243 1847 1323 quendam
1879 1243 1953 1303 de
1982 1243 2177 1304 studio
2212 1243 2448 1305 dicendi

196 1327 493 1390 intulisse.
563 1328 678 1400 Qui
719 1346 854 1389 cum
894 1329 975 1390 ita
1020 1336 1175 1390 esset
1210 1347 1485 1390 exorsus:
1541 1346 1661 1390 non
1691 1328 1820 1390 sibi
1851 1328 2281 1391 cohortandum
2314 1328 2445 1390 Sul-
2491 1348 2561 1403 30

195 1415 428 1494 picium
460 1420 519 1474 et
550 1414 809 1484 Cottam,
843 1413 944 1474 sed
978 1415 1165 1493 magis
1195 1421 1513 1494 utrumque
1545 1413 2000 1475 collaudandum
2028 1414 2245 1484 videri,
2287 1414 2447 1494 quod

193 1506 427 1560 tantam
471 1501 588 1560 iam
622 1505 823 1560 essent
852 1498 1191 1560 facultatem
1223 1498 1450 1578 adepti,
1483 1505 1549 1559 ut
1578 1518 1700 1560 non
1731 1497 2074 1578 aequalibus
2103 1500 2224 1559 suis
2252 1499 2446 1560 solum

193 1590 712 1664 anteponerentur
733 1632 748 1655 ‚
802 1583 908 1644 sed
958 1603 1094 1645 cum
1137 1582 1463 1646 maioribus
1506 1591 1648 1645 natu
1679 1590 2221 1663 compararentur?
2250 1602 2446 1664 neque

191 1687 344 1730 vero
376 1669 523 1729 mihi
551 1667 900 1749 quidquam,
932 1671 1152 1749 inquit,
1196 1667 1611 1748 praestabilius
1640 1669 1899 1739 videtur,
1948 1686 2126 1747 quam
2153 1686 2327 1748 posse
2358 1668 2446 1729 di·

191 1753 395 1814 cendo
424 1760 646 1815 tenere
660 1754 970 1815 hominum
1001 1761 1233 1824 coetus,
1281 1761 1512 1815 mentes
1542 1752 1830 1822 adlicere,
1876 1751 2204 1814 voluntates
2233 1753 2444 1833 impel-

188 1838 325 1900 lere
359 1858 477 1919 quo
507 1837 675 1908 velit,
720 1837 877 1899 unde
909 1846 1107 1900 autem
1139 1838 1277 1900 velit
1306 1838 1624 1900 deducere.
1696 1839 1855 1900 Haec
1896 1856 2016 1899 una
2056 1856 2156 1899 res
2183 1840 2247 1899 in
2280 1839 2444 1899 omni

264 1993 320 2042 in
344 1992 619 2053 Phaedra,
644 2007 687 2043 8.
714 1991 823 2041 ind.

263 2061 464 2125 patulis
521 2060 717 2126 diffusa
772 2060 955 2118 ramis,
1018 2059 1118 2109 ‘die
1164 2058 1275 2109 ihre

191 2128 360 2178 Aeste
387 2144 450 2177 zu
476 2129 640 2177 eiuem
664 2128 844 2177 weiten
859 2127 1131 2178 Laubdach
1153 2143 1271 2179 aus·

192 2197 432 2258 breitet,’
457 2196 599 2261 Virg.
628 2195 721 2247 ecl.
754 2193 807 2256 l,
837 2205 875 2245 1.

263 2265 377 2315 illa.
402 2264 520 2328 Vgl.
536 2264 565 2314 d
573 2264 618 2313 ie
628 2278 780 2314 anmu
787 2263 924 2344 thige
935 2262 1275 2331 Schilderung

189 2334 247 2383 in
272 2330 636 2383 Plat.Phaedr.
650 2348 703 2398 p.
716 2330 819 2383 229
842 2329 980 2398 ορᾷς
1007 2315 1112 2384 οὖν
1123 2323 1272 2385 ἐκεί-

188 2416 308 2467 νην
356 2392 462 2466 τὴν
517 2391 888 2467 ὑψηλοτάτην
944 2394 1265 2466 πλάτανονς

189 2477 330 2590 22th
350 2468 580 2550 phadi-us
614 2469 722 2588 {nd
757 2476 887 2589 εοιιὶι
920 2469 1057 2546 daun
1081 2468 1266 2588 hinzugt

266 2552 293 2588 ε
357 2548 489 2588 σκια
523 2554 555 2588 τ
645 2549 734 2587 στι
776 2553 853 2587 κα
910 2552 1056 2588 πνευ
1100 2552 1138 2586 α
1246 2565 1271 2575 -

190 2554 505 2723 τζιέν,καὲ
526 2598 646 2655 πόα
679 2553 1136 2739 καῧὲἦῖῗαιῃιὲἀ
1156 2554 1271 2723 ιξαν

189 2672 545 2820 912311ῗῖΞῷ
534 2689 841 2819 ἐιέξῖζαιςο
855 2731 946 2819 ,νὴ
968 2690 1273 2822 ζ’ὴνἽΙρῗν

188 2809 346 2874 καλη
363 2823 429 2875 γε
451 2826 488 2876 η
503 2821 829 2875 καταγωγη·
845 2825 881 2873 η
895 2824 957 2860 τε
969 2826 1079 2875 γαρ
1102 2826 1145 2860 π
1157 2810 1186 2861 λ,
1199 2826 1272 2860 α-

189 2893 279 2929 τα
298 2892 421 2936 νος
440 2865 588 2942 αὕτη
609 2869 737 2944 μάλ’
758 2869 1182 2956 ἄμφιλαφηὲς
1201 2893 1272 2929 τε

190 2941 300 2997 καὶ
329 2935 554 3012 ὑψηλή,
591 2942 696 2996 τοῦ
728 2961 789 2997 τε
827 2934 1009 3010 ἄγνου
1034 2939 1096 2997 τὸ
1122 2954 1272 3011 mpos-

191 3009 299 3065 καὶ
328 3005 396 3065 τὸ
433 3004 667 3064 σύσκιον
698 3004 1024 3092 τξοῒγκαλον,
1047 3012 1161 3093 gnoti
1196 3004 1271 3074 ὥς

188 3071 392 3147 ἆκμκὴν
418 3075 536 3147 ἔχει
571 3079 673 3146 τῆς
699 3080 892 3147 ανθης
927 3071 1002 3140 ὥς
1037 3098 1111 3133 αν
1137 3073 1269 3134 εὐω-

190 3143 476 3228 δέρτατον
504 3144 748 3215 παρέχοι
765 3142 884 3228 ,τὸν
906 3141 1110 3202 τόπον·
1147 3143 1190 3216 ἥ
1209 3166 1272 3202 τε

190 3234 273 3269 αν
297 3233 389 3284 πη
445 3215 482 3281 ἠ
511 3229 849 3283 χαριεστατη
868 3211 982 3295 &vnto
1003 3217 1105 3283 τῆς
1127 3219 1272 3270 πλα-

189 3276 375 3338 τάνου
427 3288 488 3336 εἴ
544 3276 1113 3351 ἅλαψυχροῦυδατος
1132 3275 1272 3337 ὥστε

189 3368 261 3420 γε
284 3351 363 3420 τῷ
386 3350 501 3404 uod*
558 3353 976 3433 τεκμαίρεσθαι
1000 3380 1064 3389 -
1091 3347 1154 3405 τὸ
1182 3343 1274 3406 εὔ-

188 3436 383 3473 πνουν
417 3419 520 3472 τοῦ
542 3412 721 3472 τόπου
745 3438 819 3480 ως
844 3413 1147 3488 ἀγαπητὸν
1170 3419 1271 3474 καὶ

190 3480 428 3570 σφόόζρα
449 3478 589 3554 ἦδύ’
614 3490 775 3569 &aga
789 3481 902 3541 νόν
921 3505 981 3542 τε
999 3487 1100 3541 καὶ
1118 3491 1271 3556 λνγυ·

188 3573 299 3624 ρον
322 3560 547 3624 ‘umnec'
569 3555 648 3623 τῷ
670 3563 804 3610 των’
806 3557 1079 3623 τεττίγων
1105 3556 1267 3624 χορῷ.

190 3619 430 3705 πάντρν
453 3620 519 3677 δὲ
544 3616 1020 3706 ξομψότατονζτό
1047 3624 1149 3684 τ”ς
1171 3617 1273 3704 πό(

188 3708 427 3826 ἔὲᾧέἷὲ
447 3687 1270 3827 ἕζτᾎίῗιῖῗέῗὲῗῖἶῗὲἓφῖῗξῖ

191 3825 505 3895 παγκάλως
532 3824 703 3896 ἔχειν.

462 3924 527 3934 —
548 3898 632 3947 die
643 3898 1029 3962 Uebersetzung
1049 3913 1100 3947 v.
1127 3885 1271 3948 ὑδά-

191 3981 340 4031 τιον,
368 3965 588 4016 Phaedr.
600 3982 647 4016 v.
661 3964 763 4015 229
774 3966 813 4015 Β
829 3980 943 4015 vom
958 3964 1270 4015 llissnsbach

189 4033 500 4100 gebraucht:
517 4028 789 4100 χαριέντα
801 4032 941 4098 γοῦν
952 4030 1053 4085 καὶ
1077 4033 1271 4084 καθἀ-

192 4095 269 4168 ρὰ
294 4099 395 4154 καὶ
421 4099 687 4167 διαφανῆ
720 4093 792 4152 τὰ
825 4092 1039 4153 ὐδοὶτια
1065 4101 1272 4166 φαίνε-

190 4186 309 4223 ται.
351 4169 452 4221 Cic.
471 4170 630 4219 meint
646 4168 758 4219 hier
776 4169 859 4219 die
879 4170 1011 4220 oben
1037 4168 1269 4220 erwahn-

191 4250 245 4289 te
264 4230 424 4305 πηγή
440 4252 522 4288 am
535 4239 699 4289 Fusse
717 4239 809 4289 des
818 4238 1269 4288 Platanenbaums.

1445 1993 1668 2043 crevisse
1710 1992 1802 2042 mit
1836 1992 1952 2041 dem
1986 1989 2331 2058 Doppelsinu=
2371 1992 2446 2042 sie

1377 2061 1627 2110 verdankt
1671 2059 1780 2109 ihre
1827 2060 2015 2110 Exist
2035 2075 2150 2109 enz
2195 2060 2292 2109 wie
2337 2059 2448 2110 ihre

1376 2127 1616 2179 Grosse
1639 2129 1730 2179 der
1753 2126 2094 2192 Schilderung
2116 2127 2308 2178 Platos.

1445 2198 1730 2248 durissimis
1762 2196 2008 2261 pedibus,
2044 2195 2157 2245 weil
2191 2210 2244 2244 er
2266 2197 2446 2245 immer

1377 2264 1510 2315 ohne
1535 2264 1792 2315 Sandalen
1815 2265 1998 2330 gieng,
2027 2254 2121 2315 ἀεὶ
2147 2254 2444 2328 ἀνυπόδη-

1376 2350 1473 2394 τος
1496 2323 1607 2399 ὥν,
1644 2331 1857 2383 Phaedr.
1886 2348 1939 2400 p.
1966 2329 2085 2382 229.
2134 2331 2267 2385 Xen.
2292 2332 2443 2382 Mem.

1512 2412 2153 2601 izuh...
2166 2465 2447 2601 {aaz-:zv

1373 2622 1472 2665 νος
1508 2597 1618 2672 ἐγὼ
1649 2589 1758 2671 {niv
1789 2619 1887 2669 μοι
1922 2601 2074 2654 δοκῶ
2106 2606 2447 2655 κατακεῖ-

1373 2673 1566 2725 σθαι.
1610 2675 1664 2723 in
1686 2672 1870 2733 herba,
1897 2672 1997 2736 vgl.
2024 2673 2069 2721 11
2094 2669 2157 2721 71
2175 2707 2188 2731 ,
2214 2679 2308 2721 287.

1441 2741 1739 2792 meis—die
1762 2737 2154 2790 altersachwach
2176 2739 2284 2789 und
2308 2737 2448 2789 nieht

1374 2824 1433 2861 so
1458 2808 1759 2874 abgehartet
1781 2808 1916 2858 sind.

1440 2886 1511 2927 29.
1547 2878 1860 2929 consedisse.
1903 2876 2043 2925 Brut.
2070 2873 2132 2934 6,
2157 2884 2208 2925 24
2232 2876 2325 2926 sed
2345 2889 2446 2938 quo

1374 2945 1578 2996 facilius
1603 2959 1771 2995 sermo
1798 2944 2092 3011 explicetur,
2114 2943 2376 3008 sedentes,
2402 2944 2446 2994 si

1373 3014 1591 3072 videtur,
1618 3028 1852 3078 agamus.
1905 3013 2034 3064 Cum
2059 3012 2197 3062 idem
2220 3012 2444 3078 placuis-

1373 3091 1452 3132 set
1478 3081 1604 3140 illis,
1624 3091 1734 3132 tum
1758 3082 1811 3130 in
1836 3081 2034 3147 pratulo
2058 3080 2446 3147 propterPiato-

1372 3151 1453 3200 nis
1478 3159 1699 3200 statuam
1722 3149 2073 3200 consedimus.
2123 3148 2345 3208 dicebat,
2372 3163 2445 3200 sc.

1376 3218 1540 3269 Cotta.

1441 3285 1768 3335 Tractatio
1796 3299 1843 3334 c.
1867 3281 2056 3333 8-62.

1439 3352 1491 3403 8.
1527 3352 1740 3404 solebat.
1800 3351 1869 3403 So
1902 3366 2027 3416 geru
2061 3349 2267 3400 brachte
2304 3351 2450 3401 Cotta

1373 3422 1469 3540 1(Ῑίἱειε
1481 3419 1741 3486 Gesprfich
1766 3420 1863 3470 auf
1863 3419 1885 3483 j
1892 3434 1986 3469 ene
1996 3417 2447 3482 unvergesslichen

1417 3504 1446 3538 a
1486 3504 1530 3538 e.

1444 3504 1719 3607 grassus
1754 3555 1865 3605 der
1898 3553 2164 3603 Meister
2200 3568 2312 3603 vor
2350 3554 2447 3603 al-

1374 3625 1481 3675 len
1517 3626 1735 3673 nimmt
1777 3630 1998 3673 zuerst
2034 3622 2148 3672 das
2181 3621 2357 3671 Wort
2392 3637 2445 3672 u.

1372 3693 1645 3756 beginnt
1676 3691 1790 3740 mit
1834 3690 1972 3740 dem
2003 3689 2134 3740 Lob
2181 3690 2295 3740 der
2328 3689 2448 3739 Be-

1372 3759 1782 3810 redsamkeit.
1831 3756 1891 3821 8,
1917 3755 2119 3817 :to—9,
2153 3765 2206 3808 35
2250 3758 2379 3823 (vgl.
2416 3759 2447 3820 5

1372 3827 1500 3891 2023
1522 3829 1569 3878 11
1593 3826 1652 3890 9,
1679 3823 1775 3892 35).

1440 3906 1508 3947 30.
1551 3894 1937 3961 praestabilius.
1993 3893 2057 3943 de
2098 3892 2204 3942 inv.
2252 3894 2274 3943 1
2315 3893 2348 3942 4
2390 3892 2446 3943 ff.

1375 3965 1547 4025 Quint.
1576 3965 1621 4013 11
1648 3961 1740 4026 16,
1768 3971 1788 4012 1
1815 3961 1869 4012 ff.
1912 3962 2030 4011 Tac.
2055 3960 2183 4010 Dial.
2212 3961 2276 4011 de
2302 3975 2376 4011 or.
2401 3977 2445 4010 e.

1441 4102 1562 4150 velit
1572 4126 1637 4135 —-
1648 4098 1741 4148 das
1764 4097 2069 4163 allgemeine
2094 4095 2219 4161 Subj
2227 4106 2307 4147 ect
2325 4097 2449 4161 liegt

1372 4168 1560 4219 bereits
1607 4168 1678 4216 im
1734 4164 2164 4231 vorangehenden
2224 4164 2445 4214 Infinitiv

1374 4231 1609 4304 (posse);
1646 4235 1738 4285 der
1761 4234 2077 4300 Aenderung
2110 4233 2163 4283 in
2201 4232 2328 4284 velis
2352 4233 2446 4283 be-
