2930 4693
459 200 592 267 284
1022 197 1124 262 DE
1165 196 1525 263 ORATORE
1566 198 1646 263 111
1689 200 1791 262 41.
1834 205 2141 307 lM—Jssc.

460 367 613 430 haec
639 366 733 429 vel
761 386 994 431 summa
1021 366 1150 431 laus
1179 369 1360 430 estin
1399 368 1598 446 verbis
1635 368 2094 443 transferendis,
2136 377 2206 432 ut
2243 386 2483 431 sensum
2522 369 2714 431 feriat

462 454 543 524 id,
575 452 734 534 quod
763 451 1112 517 translatum
1143 455 1236 525 sit,
1269 453 1551 533 fugienda
1581 461 1671 516 est
1699 456 1891 516 omnis
1920 454 2222 535 turpitudo
2245 469 2448 516 earum
2473 472 2708 527 rerum,

334 550 440 607 164
466 537 542 600 ad
571 555 718 618 quas
746 556 955 600 eorum
984 539 1243 609 animos,
1286 539 1390 618 qui
1428 538 1700 611 audient,
1740 538 1940 602 trahet
1979 538 2320 602 similitudo.
2388 537 2539 601 Nolo
2582 538 2712 601 dici

463 629 660 686 morte
687 621 952 685 Africani
992 626 1361 685 ‘castratam’
1403 641 1535 687 esse
1575 641 1706 686 rem
1743 623 2073 704 publicam:
2119 623 2257 687 nolo
2298 623 2556 686 ‘stercus
2596 641 2707 686 cu-

460 708 610 769 riae’
643 706 761 771 dici
791 705 1123 777 Glauciam:
1155 708 1420 789 quamvis
1447 710 1527 770 sit
1555 707 1764 780 simile,
1796 716 1997 771 tamen
2026 709 2198 771 estin
2218 715 2473 789 utroque
2497 708 2708 770 defor-

460 792 575 854 mis
603 793 881 872 cogitatio
909 791 1329 855 similitudinis.
1404 791 1556 855 Nolo
1585 812 1715 855 esse
1755 802 1858 856 aut
1884 796 2106 866 maius,
2148 811 2326 874 quam
2367 810 2466 854 res
2493 801 2707 874 postu-

460 875 572 938 let:
619 876 991 958 ‘Tempestas
1019 877 1452 940 comissationis
1469 879 1522 949 3’
1569 886 1672 940 aut
1708 879 1933 940 minus:
1979 879 2349 941 ‘comissatio
2377 884 2706 959 tempesta·

456 961 581 1024 tis?
667 959 819 1024 Nolo
859 979 990 1023 esse
1017 961 1265 1025 verbum
1293 964 1601 1042 angustius
1637 962 1728 1036 id,
1774 962 1933 1044 quod
1977 961 2325 1026 translatum
2366 963 2474 1033 sit,
2518 981 2706 1043 quam

458 1044 669 1109 fuisset
694 1044 842 1109 illud
868 1048 1178 1128 proprium
1209 1064 1280 1108 ac
1307 1065 1513 1110 suum:

764 1146 1060 1220 Quidnam
1090 1147 1209 1220 est,
1239 1146 1530 1211 obsecro?
1582 1147 1734 1221 Quid
1763 1156 1824 1210 te
1854 1147 2078 1211 adirier
2106 1146 2393 1210 abnutas?

459 1263 673 1337 melius
706 1272 895 1335 esset,
926 1273 1119 1338 vetas,
1146 1265 1463 1348 prohibeS,
1496 1266 1824 1338 absterres;
1870 1268 2151 1349 quoniam
2178 1264 2278 1328 ille
2308 1267 2569 1328 dixerat:

1677 1350 1816 1413 ilico
1851 1351 2001 1424 istic,

864 1434 955 1497 Ne
984 1436 1257 1516 contagio
1286 1454 1420 1498 mea
1447 1434 1625 1498 bonis
1652 1435 1936 1498 umbrave
1966 1435 2121 1499 obsit
2150 1483 2167 1498 .
2185 1483 2229 1498 ..
2248 1482 2262 1497 .

331 1552 433 1608 165
459 1536 651 1617 Atque
681 1536 887 1609 etiam,
920 1537 973 1599 si
997 1555 1271 1608 vereare,
1312 1556 1390 1599 ne
1418 1537 1617 1619 paullo
1648 1537 1853 1600 durior
1891 1535 2200 1600 translatio
2241 1555 2370 1598 esse
2408 1536 2700 1608 videatur,

460 1620 783 1685 mollienda
825 1629 915 1683 est
941 1623 1282 1703 praeposito
1311 1640 1490 1704 saepe
1520 1622 1733 1693 verbo:
1779 1631 1846 1684 ut
1872 1623 1924 1683 si
1950 1621 2126 1692 olim,
2159 1621 2237 1683 Μ.
2271 1622 2493 1684 Catone
2534 1640 2698 1688 mor,-

458 1713 591 1778 tuo,
635 1704 977 1788 ‘pupillum’
1017 1715 1288 1769 senatum
1317 1709 1451 1788 quis
1480 1705 1755 1769 relictum
1785 1707 2041 1779 diceret,
2072 1704 2272 1787 paullo
2302 1705 2539 1776 durius;
2586 1708 2696 1777 sin,

460 1794 555 1853 ‘ut
580 1792 663 1852 ita
691 1790 902 1862 dicam,
934 1789 1270 1871 pupillum,’
1301 1791 1601 1872 aliquanto
1630 1793 1848 1854 mitius.
1890 1791 2124 1853 Etenim
2154 1790 2490 1852 verecunda
2519 1789 2699 1852 debet

459 1893 592 1938 esse
619 1872 946 1946 translatio,
975 1883 1043 1937 ut
1070 1875 1324 1939 deducta
1353 1894 1485 1938 esse
1511 1878 1575 1939 in
1599 1875 1859 1939 alienum
1879 1874 2095 1947 locum,
2125 1893 2248 1937 non
2270 1876 2577 1955 irrupisse,
2610 1883 2698 1937 at·

460 1977 576 2041 que
602 1966 671 2021 ut
699 1960 999 2039 precario,
1032 1977 1151 2024 non
1182 1962 1264 2031 vi,
1295 1962 1528 2024 venisse
1557 1961 1840 2023 videatur.

630 2042 841 2106 Modus
880 2051 1078 2105 autem
1120 2043 1317 2106 nullus
1355 2053 1447 2107 est
1485 2045 1796 2108 florentior
1835 2047 1899 2107 in
1943 2043 2189 2124 singulis
2226 2042 2424 2105 verbis
2452 2061 2567 2105 nec
2597 2045 2699 2125 qui

460 2127 597 2213 plus
624 2127 868 2191 luminis
898 2128 1128 2192 adferat
1156 2131 1429 2203 orationi.
1489 2130 1638 2193 Nam
1668 2129 1837 2202 illud,
1871 2130 2031 2211 quod
2060 2149 2134 2191 ex
2161 2130 2277 2192 hoc
2306 2146 2529 2208 genere
2556 2147 2697 2209 pro-

330 2060 434 2116 too

528 2328 731 2368 sensum
749 2314 941 2379 feriat,
976 2313 1305 2367 anschaulich
1328 2330 1423 2368 vor
1445 2316 1531 2367 die

463 2381 624 2434 Sinna
655 2382 778 2448 (vor
800 2383 885 2433 die
907 2382 1116 2449 Augen)
1138 2383 1261 2448 tritt,
1294 2384 1361 2435 ad
1385 2384 1529 2437 Fam.

461 2450 562 2502 XV
589 2448 679 2513 16,
715 2460 743 2500 2
787 2450 871 2502 his
906 2452 1120 2518 spectris
1156 2453 1357 2503 etiamsi
1392 2452 1531 2503 oculi

461 2530 675 2587 possent
691 2517 1120 2570 feriri—animus
1138 2520 1226 2584 qui
1242 2520 1408 2587 possit
1431 2535 1528 2588 ego

461 2603 569 2640 non
593 2587 762 2637 video.

526 2656 776 2722 fugienda
799 2661 880 2706 est
901 2655 1062 2707 omnis
1084 2656 1376 2720 turpitude,
1410 2656 1528 2705 Ari-

462 2733 584 2775 stot.
604 2722 736 2774 rhet.
755 2723 894 2785 1112,
917 2732 967 2773 1ο
989 2722 1094 2780 τὰς
1111 2716 1178 2775 δὲ
1195 2715 1532 2790 μεταφορὰς

465 2783 748 2844 {nawen
780 2784 1005 2867 ρίστὲον
1037 2782 1155 2842 ἀπὸ
1181 2789 1372 2866 καλῶρ
1392 2780 1433 2857 ἢ
1458 2789 1531 2856 τῘ

465 2848 1108 2991 saginasset:
1149 2846 1192 2924 ἢ
1221 2857 1291 2925 τῇ
1320 2808 1539 2926 ⁰:⁸²³?

533 3001 627 3042 164.
650 2994 928 3057 angustius,
944 2961 1119 3051 ‘Quina
1136 2992 1257 3042 VIII
1273 2992 1323 3053 6,
1345 3002 1395 3044 18
1419 3008 1528 3043 me-

464 3058 678 3127 taphora
714 3060 848 3111 enim
882 3067 969 3109 aut
989 3066 1253 3109 vacantem
1279 3075 1531 3130 occupare

465 3128 664 3187 locum,
713 3138 802 3178 aut
836 3126 882 3177 si
914 3127 968 3177 in
1002 3126 1226 3177 alienum
1248 3129 1389 3179 venit
1409 3128 1531 3196 plus

478 3195 648 3246 valere
672 3209 732 3245 eo
746 3233 761 3258 ‚
785 3195 924 3260 quod
948 3194 1175 3261 expellit.

537 3262 784 3325 Qtddnam
817 3271 914 3314 etc.
971 3262 1150 3313 Dieser
1182 3278 1235 3315 u.
1262 3262 1346 3314 die
1368 3263 1527 3314 nach-

466 3330 743 3397 l’olgenden
752 3331 917 3382 Verse
940 3330 1147 3396 (versus
1171 3331 1430 3382 bacchiaci
1453 3342 1531 3383 te-

466 3399 719 3463 trametri)
766 3400 883 3450 sind
915 3414 1009 3449 aus
1049 3399 1245 3451 Ennius
1278 3398 1530 3465 Thyestes

467 3467 718 3532 (Ribbeck
740 3482 794 3533 p.
819 3465 913 3528 48,
944 3466 1146 3518 Vahlen
1166 3482 1218 3533 p.
1247 3465 1399 3530 143),
1437 3468 1530 3517 der

467 3534 597 3585 nach
616 3536 736 3585 dem
754 3532 1118 3585 entsetzliehen
1129 3535 1260 3586 Male
1282 3535 1389 3598 und
1411 3536 1527 3585 dem

460 3601 668 3654 Geuuss
727 3602 817 3652 der
882 3602 1048 3652 ‘eklen
1105 3602 1528 3654 schaudervollen

462 3668 666 3736 Speise·
691 3666 880 3733 (coena
902 3668 1183 3737 Thyestae)
1219 3672 1287 3720 im
1313 3669 1531 3721 Gesiihle

461 3737 566 3788 des
588 3736 829 3795 Fluches,
866 3737 957 3787 der
979 3738 1072 3787 auf
1098 3738 1203 3787 ihm
1228 3737 1376 3801 ruht,
1410 3739 1530 3789 dem

469 3804 605 3856 Chor
628 3804 737 3856 sich
767 3804 874 3854 ihm
910 3820 975 3854 zu
1002 3804 1194 3856 nahern
1217 3805 1404 3869 wehrt,
1440 3807 1535 3858 auf

460 3872 590 3923 dass
624 3888 681 3923 er
714 3872 852 3923 nicht
883 3872 1016 3922 auch
1048 3888 1148 3922 von
1173 3873 1291 3925 dem
1315 3875 1530 3925 Miasma

462 3940 859 4005 mitangesteekt
874 3940 1068 3991 werde:
1086 3937 1272 4003 Nolite,
1282 3939 1533 4007 hospites,

468 4007 537 4056 ad
569 4022 651 4058 me
683 4005 849 4070 adire,
882 4007 1000 4059 ilico
1032 4009 1149 4060 istic
1183 4005 1284 4074 (sc.
1308 4021 1528 4073 manete,

468 4074 723 4127 Ribbeck:
749 4074 867 4141 isti)
890 4076 965 4127 Ne
988 4078 1223 4142 contagio
1248 4092 1360 4127 mea
1383 4079 1532 4130 bonis

466 4143 714 4192 umbrave
739 4144 892 4194 obsit.
946 4144 1110 4194 Tanta
1139 4145 1220 4195 vis
1243 4145 1452 4197 sceleris
1474 4146 1529 4197 in

466 4208 684 4273 cdx-pore
705 4208 880 4260 haeret
900 4224 1014 4261 meo
1047 4210 1324 4277 (Tusc.111
1352 4210 1442 4277 12,
1477 4222 1532 4265 26

1632 2316 1823 2367 Tamne
1848 2329 1968 2382 ergo
1986 2315 2219 2367 abiectus
2240 2322 2448 2379 tamque
2465 2313 2696 2367 fractus?

1631 2383 1799 2437 Nolite
1823 2394 1919 2435 etc.
1952 2384 2031 2434 Tu
2055 2387 2131 2448 te‚'-
2147 2382 2398 2449 Thyesta,
2424 2383 2692 2435 damnabis

1631 2452 1939 2514 orbabisque
1971 2452 2084 2502 luce
2117 2459 2326 2518 propter
2359 2451 2463 2501 vim
2485 2451 2694 2502 sceleris

1630 2519 1859 2583 alieni2).
1925 2519 2124 2570 Darauf
2146 2526 2413 2569 antwortet
2454 2534 2561 2569 nun
2607 2519 2696 2570 der

1633 2586 1800 2639 Chor:
1855 2587 2107 2647 Quidnam
2158 2596 2235 2637 est
2281 2595 2378 2637 etc.
2406 2639 2410 2644 ,
2435 2583 2693 2650 (Ribbeck

1633 2655 1830 2705 schiebt
1838 2654 2008 2705 hinter
2024 2654 2157 2704 adiri
2175 2653 2307 2708 noch
2324 2663 2427 2704 tam
2446 2654 2547 2718 ein,
2558 2653 2694 2705 Vab-

1632 2721 1713 2773 len
1740 2723 1920 2773 andert
1944 2721 2229 2772 einfacher:
2253 2721 2443 2773 adirier-
2465 2718 2523 2789 (S
2550 2719 2691 2785 154),

1630 2804 1710 2841 wo
1744 2792 1960 2841 abnutas
1996 2789 2127 2840 nach
2158 2788 2378 2855 Thyesta
2413 2788 2580 2855 hertig
2602 2790 2708 2840 ab-‘

1629 2856 1934 2908 webrenden
1948 2857 2462 2923 Wortenhallerdings
2484 2874 2551 2908 zu
2570 2864 2695 2908 matt

1632 2927 1718 2980 ist.

1701 3001 1793 3043 165.
1829 2993 2143 3054 verecunda,
2177 2990 2316 3055 137,
2358 3001 2451 3044 171.
2499 2992 2565 3042 de
2588 2999 2694 3058 opt.

1631 3074 1751 3128 gen.
1776 3068 1899 3114 orat.
1927 3060 1976 3117 2,
2002 3068 2028 3109 4
2059 3058 2425 3125 perficiendum
2450 3069 2530 3111 est
2553 3087 2618 3096 —
2641 3061 2693 3109 in

1630 3127 1826 3179 tralatis
1858 3138 1915 3178 ut
1950 3127 2336 3179 similitudinem
2361 3129 2524 3178 secuti
2547 3143 2689 3178 vere·

1631 3195 1800 3246 eunde
1821 3205 2025 3245 utamur
2047 3195 2247 3248 alienis.
2282 3194 2468 3254 01:24,
2486 3204 2538 3246 81
2562 3196 2694 3261 Ersso

1629 3263 1716 3314 ille
1748 3264 1913 3314 tennis
1948 3270 2117 3313 orator
2148 3288 2214 3299 —-
2250 3277 2343 3312 nec
2367 3262 2420 3312 in
2444 3262 2692 3314 faciendis

1628 3331 1803 3382 verbis
1838 3332 1931 3381 erit
1963 3329 2136 3381 audax
2168 3338 2220 3380 et
2249 3331 2304 3381 in
2325 3330 2694 3382 transferendis

1629 3398 1949 3450 verecundus
1976 3406 2027 3448 et
2048 3412 2234 3466 parcus
2255 3399 2310 3448 in
2333 3397 2536 3464 priscis.

1699 3475 1793 3517 166.
1834 3467 2107 3533 florentior
2142 3492 2207 3501 ——
2242 3464 2461 3517 namlich
2496 3465 2575 3517 als
2612 3466 2696 3516 die

1632 3533 1806 3584 bisher
1842 3532 2189 3601 besprochene
2219 3533 2508 3599 Metapher;
2559 3535 2694 3584 denn

1633 3603 1717 3653 die
1740 3602 2096 3667 Allegorie,
2132 3617 2195 3651 zu
2232 3602 2323 3651 der
2345 3616 2448 3651 nun
2478 3600 2693 3652 Crassus

1634 3668 1906 3736 iiber-geht,
1939 3670 2079 3719 kann
2113 3668 2191 3719 als
2225 3669 2486 3719 florentior
2508 3669 2690 3719 modus

1633 3736 1772 3788 nicht
1795 3737 2028 3803 dagegen
2045 3735 2316 3801 angefiihrt
2331 3736 2555 3799 werden,
2580 3737 2693 3785 weil

1632 3805 1717 3856 die
1739 3804 2080 3871 Behauptung
2103 3820 2200 3854 nur
2222 3804 2305 3855 die
2336 3805 2429 3864 ist,
2465 3804 2587 3855 dass
2611 3804 2694 3855 die

1631 3872 1892 3938 Metapher
1907 3871 2092 3922 modus
2111 3872 2503 3923 florentissimus
2519 3874 2574 3922 ia
2590 3873 2697 3924 sin-

1630 3942 1765 4006 gulis
1794 3940 1965 3991 verbis
2009 3940 2108 3999 sei,
2160 3940 2243 3990 die
2272 3939 2530 4005 Allegorie
2571 3941 2697 3991 aber

1634 4008 1774 4059 nicht
1795 4009 1849 4057 in
1873 4022 1976 4059 uno
1998 4009 2156 4059 verbo
2178 4006 2423 4058 translato
2449 4016 2542 4067 est,
2569 4021 2696 4058 son-

1632 4077 1756 4126 dern
1780 4076 2093 4144 expluribus
2109 4075 2416 4128 continuatis
2433 4075 2693 4126 eonnecti-

1629 4152 1732 4197 tur.

1697 4226 1769 4263 εει·
1784 4211 1879 4263 hoc
1896 4226 2090 4278 genere
2112 4224 2185 4263 sc.
2211 4210 2576 4264 translationis.
2601 4209 2691 4263 Or.
