2930 4693
815 194 913 258 na
956 161 1434 259 minonem
1475 197 1578 261 46.
1626 204 1898 259 179.180.
2342 202 2470 268 293

236 363 709 435 circumferatur,
740 371 809 426 ut
835 365 1080 427 accedat
1108 364 1183 426 ad
1211 363 1482 427 brumale
1507 367 1741 445 signum
1772 375 1831 428 et
1859 367 1998 428 inde
2020 369 2241 430 sensim
2262 386 2470 431 ascen·

237 451 429 512 datin
458 448 752 511 diversam
782 457 1046 530 partem;
1077 457 1146 511 ut
1170 448 1312 511 luna
1340 467 1586 513 accessu
1615 458 1675 513 et
1700 469 1943 514 recessu
1972 470 2080 514 suo
2104 451 2245 515 solis
2267 452 2470 516 lumen

237 535 517 615 accipian
570 541 636 596 ut
676 532 885 595 eadem
929 536 1115 614 spatia
1158 535 1419 615 quinque
1458 534 1665 597 stellae
1704 535 1927 618 dispari
1966 544 2131 599 motu
2173 556 2469 619 cursuque

237 619 571 682 conficiant.
643 618 804 680 Haec
831 625 1056 681 tantam
1085 618 1312 681 habent
1339 621 1488 690 vim,
1528 618 1792 701 paullum
1821 629 1887 682 ut
1916 623 2224 684 immutata
2253 623 2466 684 cohae-
2500 631 2601 685 179

236 722 377 766 rere
405 721 528 765 non
557 704 804 783 possint,
834 710 1059 784 tantam
1088 701 1611 783 pulchritudinem,
1643 713 1712 767 ut
1740 703 1899 767 nulla
1930 708 2160 787 species
2198 725 2274 769 ne
2306 709 2468 787 cogi·
2592 723 2607 734 ·

238 789 354 850 tari
392 786 632 869 quidem
671 789 859 868 possit
898 789 1182 850 ornatior.
1261 788 1504 849 Referte
1545 807 1706 851 nunc
1747 791 2008 851 animum
2049 790 2123 851 ad
2166 791 2469 853 hominem

145 951 148 956 Ι
236 871 331 935 vel
361 874 537 934 etiam
567 879 901 934 ceterarum
933 874 1320 936 animantium
1350 872 1605 936 formam
1636 882 1696 935 et
1726 874 1997 954 figuram.
2067 874 2301 937 Nullam
2330 893 2469 957 par-

239 966 361 1019 tem
406 958 675 1036 corporis
727 958 856 1018 sine
898 956 1093 1038 aliqua
1147 958 1499 1019 necessitate
1542 958 1812 1020 adfictam
1858 965 2162 1040 totamque
2213 959 2467 1022 formam

238 1042 410 1123 quasi
434 1040 762 1122 perfectam
789 1043 1105 1122 reperietis
1133 1049 1290 1113 arte,
1335 1060 1458 1104 non
1499 1060 1657 1105 casu.
1717 1042 1872 1115 Quid
1909 1044 1974 1105 in
2016 1043 2359 1116 arboribuS,
2402 1046 2468 1105 in
2509 1042 2613 1117 46>

238 1125 456 1207 quibus
483 1143 604 1187 non
632 1135 897 1198 truncus,
928 1144 1052 1188 non
1077 1127 1249 1196 rami,
1281 1144 1402 1188 non
1432 1126 1572 1188 folia
1602 1135 1741 1189 sunt
1769 1127 2026 1209 denique
2052 1129 2169 1189 nisi
2196 1128 2272 1190 ad
2300 1147 2468 1191 suam

235 1208 612 1272 retinendam
652 1211 1235 1292 conservandamque
1274 1212 1584 1273 naturam?
1636 1229 1926 1293 nusquam
1976 1219 2178 1274 tamen
2220 1221 2312 1276 est
2347 1212 2468 1275 ulla

235 1312 378 1377 pars
406 1295 522 1356 nisi
549 1302 810 1357 venusta.
879 1295 1243 1377 Linquamus
1285 1304 1560 1359 naturam
1601 1308 1878 1377 artesque
1920 1295 2241 1359 videamus.
2313 1297 2465 1371 Quid
2495 1305 2601 1361 180

236 1387 359 1441 tam
397 1381 460 1440 in
499 1380 732 1459 navigio
772 1382 1174 1443 necessarium
1216 1399 1393 1461 quam
1434 1379 1652 1453 latera,
1708 1400 1886 1462 quam
1926 1398 2245 1454 cavernae,
2287 1401 2466 1463 quam

235 1482 437 1547 prora,
467 1481 644 1545 quam
673 1466 907 1545 puppis,
938 1483 1113 1546 quam
1145 1472 1456 1535 antennae,
1490 1484 1667 1546 quam
1698 1463 1853 1537 vela,
1886 1483 2061 1545 quam
2093 1464 2270 1528 mali?
2315 1485 2467 1548 quae

236 1557 437 1611 tamen
465 1549 622 1610 hanc
649 1547 873 1610 habent
899 1550 964 1610 in
992 1551 1191 1631 specie
1220 1556 1606 1622 venustatem,
1635 1557 1704 1611 ut
1730 1568 1849 1610 non
1879 1548 2069 1611 solum
2101 1548 2324 1623 salutis,
2361 1549 2467 1613 sed

145 1671 158 1680 -
237 1635 416 1695 etiam
448 1630 759 1714 voluptatis
789 1651 965 1696 causa
991 1636 1229 1696 inventa
1259 1652 1390 1696 esse
1415 1634 1749 1698 videantur.
1807 1632 2128 1696 Columnae
2159 1642 2221 1700 et
2245 1634 2468 1717 templa

239 1726 300 1780 et
324 1719 590 1799 porticus
617 1718 937 1789 sustinent;
981 1725 1184 1784 tamen
1210 1718 1436 1781 habent
1464 1736 1586 1780 non
1613 1717 1749 1800 plus
1774 1717 2041 1781 utilitatis
2067 1737 2245 1800 quam
2274 1720 2468 1799 digni·

237 1805 395 1865 tatis.
464 1799 736 1882 Capitolii
775 1802 1073 1882 fastigium
1110 1802 1259 1865 illud
1300 1811 1361 1865 et
1388 1811 1725 1865 ceterarum
1754 1803 1990 1865 aedium
2018 1822 2142 1865 non
2170 1813 2463 1875 venustas,

237 1886 346 1949 sed
374 1888 694 1949 necessitas
719 1888 850 1966 ipsa
871 1886 1153 1949 fabricata
1177 1895 1286 1949 est.
1329 1888 1480 1950 Nam
1503 1906 1640 1950 cum
1662 1895 1820 1952 esset
1840 1887 2041 1950 habita
2066 1890 2236 1961 ratio,
2260 1907 2466 1971 quem·

239 1970 557 2033 admodum
587 1989 660 2033 ex
688 1980 939 2052 utraque
963 1974 1109 2033 tecti
1135 1979 1307 2052 parte
1330 1991 1484 2053 aqua
1507 1971 1904 2044 delaberetur,
1927 1972 2238 2036 utilitatem
2262 1973 2467 2056 templi

237 2055 457 2137 fastigii
484 2054 741 2135 dignitas
770 2064 1086 2118 consecuta
1117 2063 1236 2126 est;
1280 2064 1376 2128 ut,
1419 2059 1650 2120 etiamsi
1676 2059 1741 2119 in
1771 2057 1936 2120 caelo
1967 2058 2320 2139 Capitolium
2347 2067 2467 2121 sta-

1469 2244 1691 2309 qm‘nque
1711 2245 1906 2302 stellae,
1925 2238 2098 2295 πέντε
2120 2237 2267 2295 ἄλλα
2286 2236 2465 2310 ἄστρα

1428 2321 1625 2362 ausser*
1640 2301 1799 2377 ἥλιος
1817 2310 1930 2390 und
1954 2301 2190 2379 σελήνη)
2225 2302 2465 2393 ἐπίκλην

1401 2393 1611 2497 Τῇἷῗῗ
1625 2378 2382 2506 2ἷλῖενῖιτιῗέηῗέἑῖεηῖιῗῆῡέ
2408 2380 2463 2498 1¹1i

1401 2513 1673 2564 duodecim
1713 2522 1885 2579 partes
1930 2513 2198 2565 distributo
2242 2517 2464 2580 quinque

1401 2581 1577 2632 stellas
1610 2580 1729 2631 ferri
1762 2582 1971 2632 eosdem
2003 2597 2184 2633 cursus
2225 2590 2464 2633 constan·

236 2233 348 2306 τὴν
375 2230 681 2307 ὁμοιότητα
717 2237 818 2293 τοῦ
841 2229 1091 2321 οὐρανοῦ
1112 2231 1299 2307 Samo?

233 2301 429 2377 πάντῃ
459 2305 558 2361 καὶ
592 2305 713 2376 τῆς
748 2306 874 2377 γῆς
905 2306 1127 2376 αυτῆς
1172 2302 1302 2376 τὴν

238 2373 391 2443 loco
445 2376 575 2428 οπί
580 2392 619 2427 α
631 2394 682 2430 ν.

305 2446 378 2496 ad
440 2447 630 2496 ramale
661 2446 880 2510 sianum,
928 2445 1047 2495 dem
1081 2443 1299 2495 Zeichen

236 2512 331 2563 des
378 2511 683 2564 Steinbocks
728 2514 799 2562 im
845 2512 1128 2572 Zodiakus,
1183 2513 1299 2563 dem

234 2580 732 2641 Wintersolstitium,
759 2580 823 2630 de
840 2588 944 2631 nat.
965 2580 1105 2630 deor.
1124 2581 1195 2630 111
1215 2579 1299 2639 14,

232 2657 289 2700 37
335 2662 548 2710 eamque
578 2662 785 2698 eausam
820 2646 1088 2699 Cleanthes
1135 2647 1299 2711 affert,

236 2731 330 2766 cur
351 2730 408 2766 se
433 2716 511 2766 sol
534 2714 721 2767 referat
745 2730 840 2765 nec
862 2715 1067 2781 longius
1088 2729 1300 2781 progre-

235 2784 405 2835 diatur
438 2783 692 2834 solstitiali
723 2783 847 2834 orbe
893 2781 1038 2846 (dem
1071 2782 1299 2834 Wende-

233 2852 374 2902 kreis
408 2851 500 2902 des
531 2850 776 2914 Krebses)
823 2851 1047 2914 itemque
1083 2850 1298 2901 brumali

235 2916 386 2985 (dem
407 2918 751 2969 Wendekreis
774 2918 867 2969 des
892 2916 1240 2982 Steinbocks).

303 3001 515 3038 accessu
538 2995 634 3037 etc.
680 2983 849 3039 Daher
871 2985 956 3036 die
977 2987 1196 3037 varietas
1219 2987 1298 3038 lu·

233 3055 429 3104 minum
451 3054 604 3105 lunae
625 3060 735 3104 tum
758 3055 1049 3117 crescentis,
1077 3063 1183 3105 tum
1209 3069 1297 3105 se-

189 3142 194 3149 ·
234 3123 514 3187 nescentis,
538 3120 622 3171 die
644 3123 860 3173 acci-etio
884 3123 991 3174 und
1015 3122 1296 3177 deminutio

233 3190 405 3240 seines
428 3187 658 3252 melnes,
683 3189 793 3240 also
820 3191 903 3241 die
927 3189 1297 3272 Mondphasen.

233 3256 513 3308 Plat.Tim.
537 3272 590 3325 p.
609 3253 679 3308 39
702 3249 946 3309 ἐπειδὰν
969 3258 1101 3324 σελη
1198 3272 1300 3309 πε-

273 3323 550 3376 ιελθοῦσα
568 3318 670 3376 τὸν
687 3314 897 3391 ἑαυτῆς
914 3317 1126 3377 κύκλον
1176 3325 1301 3376 λιον

233 3340 632 3473 Ξπικαταλαβῃ
665 3389 766 3458 (se.
789 3394 859 3443 ist
882 3393 963 3442 ein
987 3392 1161 3444 Monat
1180 3391 1301 3443 her—

234 3458 375 3526 um),
401 3452 664 3519 ἕνιαυτος
686 3453 755 3511 δὲ
778 3449 998 3515 ὁπόταν
1013 3452 1173 3528 ἥλιος
1196 3452 1297 3512 τόν

236 3520 448 3580 ἑαυτοῦ
469 3522 751 3595 περιέλθῃ
772 3520 1001 3579 κύκλον.

307 3597 484 3646 eadem
504 3598 701 3661 spatia,
738 3595 815 3645 als
841 3595 1014 3646 Sonne
1044 3611 1097 3648 u.
1121 3594 1296 3659 Mond,

234 3663 420 3714 sodass
442 3664 552 3714 also
572 3664 656 3714 die
680 3654 823 3715 ἑπτὰ
846 3677 1060 3728 περιφο
1096 3658 1159 3713 αὶ
1182 3663 1299 3713 her-

235 3732 592 3782 auskommen.
650 3730 780 3784 Plat.
805 3731 936 3782 Tim.
971 3745 1025 3796 p.
1140 3729 1197 3780 C.
1233 3731 1297 3781 de

236 3806 344 3849 nat.
368 3799 509 3850 deor.
535 3800 583 3849 11
605 3797 690 3860 20,
714 3808 764 3849 51
794 3813 1008 3864 quarum
1031 3812 1097 3848 ex
1120 3798 1299 3864 dispa-

235 3867 380 3917 ribus
399 3865 706 3918 motionibus
717 3881 960 3932 magnum
978 3881 1169 3916 annum
1187 3880 1294 3916 ma·

236 3932 497 3984 thematici
519 3935 922 3997 nominaverunt,
946 3933 1161 3998 quitum
1185 3933 1299 3985 effi-

239 4002 395 4065 citur,
431 4017 548 4052 cum
582 4003 707 4054 solis
742 4012 791 4052 et
823 4002 976 4052 lunae
1001 4008 1051 4052 et
1074 4002 1298 4066 quinque

237 4069 518 4121 errantium
539 4071 613 4121 ad
633 4072 842 4122 eandem
862 4071 999 4121 inter
1018 4084 1076 4121 se
1098 4084 1302 4137 compa-

235 4140 489 4190 rationem
509 4139 758 4202 consectis
779 4139 991 4191 omnium
1010 4141 1198 4205 spatiis
1222 4146 1300 4189 est

235 4200 375 4256 facta
396 4208 681 4259 conversio.

1399 2650 1598 2699 tissime
1633 2658 1897 2699 servantes
1932 2649 2225 2715 disparibus
2253 2651 2383 2701 inter
2405 2666 2463 2701 se

1400 2717 1643 2767 motibus.
1691 2716 1761 2767 Es
1785 2717 1902 2767 sind
1923 2716 2129 2768 Merkur
2151 2715 2462 2784 (στίλβων),

1399 2785 1579 2835 Venus
1604 2776 1973 2850 (φωσφόρος),
2002 2784 2135 2836 Mars
2186 2778 2461 2850 πυρόεις),

1398 2852 1599 2917 Jupiter
1616 2847 1935 2918 (φαέθων),
1956 2851 2140 2903 Saturn
2186 2851 2460 2920 φαίνων),

1399 2921 1465 2972 de
1490 2929 1597 2971 nat.
1624 2920 1763 2972 deor.
1790 2922 1837 2970 11
1860 2917 1945 2979 20,
1969 2930 2020 2971 51
2045 2920 2098 2971 ff.

1469 2996 1563 3038 179.
1584 2990 1834 3045 ornatior,
1860 2987 1991 3053 Rlin.
2017 2986 2069 3038 h.
2096 3004 2149 3042 n.
2176 2989 2224 3039 11
2245 2987 2279 3041 3
2301 2986 2410 3054 (4),
2436 2998 2462 3040 8

1399 3069 1555 3119 quem
1592 3047 1806 3121 κόσμον
1840 3055 2017 3106 Graeci
2060 3056 2268 3108 nomine
2310 3071 2461 3107 orna-

1398 3124 1559 3174 menti
1581 3124 1921 3189 appellavere,
1947 3139 2062 3174 eum
2089 3133 2139 3173 et
2169 3139 2266 3174 nos
2288 3139 2318 3173 a
2339 3139 2461 3190 per·

1400 3190 1535 3241 fecta
1557 3192 1893 3255 absolutaque
1917 3192 2168 3256 elegantia
2194 3192 2457 3242 mundum.

1467 3257 1563 3322 46,
1599 3267 1693 3309 180.
1739 3274 2016 3317 cavernae,
2042 3257 2187 3310 Serv.
2222 3259 2289 3310 ad
2309 3259 2458 3324 Virg-

1400 3326 1533 3376 Aen.
1558 3327 1605 3375 11
1640 3324 1705 3376 19
1738 3324 2072 3392 (penitusque
2105 3338 2346 3376 cavernas
2370 3328 2454 3376 In·

1400 3394 1568 3460 gentis
1590 3401 1892 3456 uterumque
1914 3402 2108 3443 armato
2133 3393 2293 3444 milite
2313 3406 2457 3443 com·

1396 3459 1587 3526 pient),
1613 3460 1699 3510 alii
1722 3460 1884 3511 fustes
1909 3474 2093 3511 curvos
2118 3460 2321 3512 navium
2343 3458 2455 3523 (die

1398 3529 1518 3594 Rip
1529 3544 1563 3594 p
1578 3544 1605 3578 e
1620 3530 1695 3593 n),
1716 3528 1900 3591 quibus
1920 3529 2236 3579 extrinsecus
2253 3528 2456 3580 tabulae

1398 3596 1692 3662 adfiguntur
1723 3610 1967 3645 cavernas
1991 3596 2334 3661 appellarunt,
2360 3596 2455 3646 da·

1399 3663 1491 3714 her
1512 3662 1797 3728 uberhaupt
1815 3663 1905 3713 der
1922 3662 2095 3713 Bauch
2113 3664 2206 3715 des
2225 3663 2457 3715 Schiffes.

1464 3733 1734 3783 utilitatem
1756 3740 1851 3781 etc.
1888 3730 2185 3783 Praktische
2204 3731 2461 3782 Niitzlich-

1397 3798 1854 3849 keitsriicksichten
1879 3800 2043 3866 gaben
2074 3799 2159 3851 die
2180 3800 2459 3861 Verania&-⁴

1398 3881 1534 3933 sung
1557 3882 1672 3917 zum
1690 3866 1800 3916 Bau
1824 3867 1915 3917 des
1932 3866 2211 3932 fastigium,
2232 3867 2323 3917 das
2341 3867 2461 3918 aber

1399 3935 1537 3985 dana
1562 3949 1621 3984 so
1645 3933 1970 3986 harmonisch
1998 3936 2087 3984 mit
2110 3935 2226 3985 dem
2250 3932 2459 3997 Ganzen

1397 4002 1697 4053 verbunden
1719 4002 1873 4061 ward,
1899 4003 2019 4053 dass
2046 4017 2100 4052 es
2121 4017 2224 4053 nun
2241 4012 2457 4053 wesent-

1399 4068 1500 4120 lich
1538 4086 1602 4120 zu
1632 4068 1736 4119 ihm
1771 4069 1951 4135 gehort
1992 4070 2099 4121 und
2131 4071 2223 4122 das
2261 4069 2456 4137 Capitol

1401 4136 1534 4188 ohne
1559 4138 1791 4188 desselbe
1813 4138 1989 4188 seineu
2014 4139 2334 4205 imposanten
2349 4139 2460 4191 An·

1399 4205 1539 4256 blick‘
1559 4206 1814 4271 geradezu
1836 4205 2082 4257 verlieren
2106 4207 2298 4259 vviirde.
