2930 4693
849 242 948 304 DE
978 242 1333 306 ORATORE
1360 244 1387 304 l
1418 241 1522 306 27.
1557 250 1864 305 120-123,
2384 255 2463 314 45

225 420 495 494 possunt,
525 420 745 485 tamen,
777 415 893 474 nisi
919 414 1125 476 timide
1156 414 1230 475 ad
1259 414 1575 476 dicendum
1607 407 1897 478 accedunt
1925 423 1985 478 et
2012 418 2075 479 iu
2105 418 2466 481 exordienda

228 503 502 562 oratione
543 499 999 579 perturbantur,
1041 518 1231 579 paene
1265 500 1641 582 impudentes
1668 501 1970 572 videntum
2011 506 2247 564 tametsi
2275 504 2336 565 id
2366 523 2464 566 ac-

228 585 434 648 cidere
476 603 596 645 non
637 592 859 665 potest;
902 592 968 645 ut
1007 587 1165 646 enim
1195 587 1443 666 quisque
1487 588 1708 666 optime
1754 586 1924 658 dicit,
1966 590 2048 649 ita
2090 591 2345 651 maxime
2375 589 2462 650 di·
2498 601 2597 652 120

228 671 409 732 cendi
449 669 852 732 difficultatem
894 672 1203 752 variosque
1245 679 1488 733 eventus
1530 673 1815 734 orationis
1845 675 2465 755 exspectationemque

223 758 540 818 hominum
584 757 969 836 pertimescit.
1055 756 1170 829 Qui
1207 774 1349 818 vero
1394 756 1543 818 nihil
1584 764 1779 837 potest
1808 757 2053 836 dignum
2082 777 2177 830 re,
2225 759 2469 838 dignum

223 844 475 903 nomine
504 843 785 911 oratoriS,
821 840 1062 920 dignum
1094 842 1403 903 hominum
1433 842 1675 904 auribus
1706 841 1943 903 efficere
1974 851 2149 925 atque
2184 844 2380 915 edere,
2418 847 2470 906 is

221 929 408 998 mihi,
459 928 689 988 etiamsi
729 934 1132 987 commovetur
1172 928 1236 988 in
1275 926 1557 999 dicendo,
1614 938 1815 989 tamen
1855 929 2172 1008 impudens
2215 931 2467 992 videtur.

222 1013 365 1075 Non
396 1014 554 1072 enim
584 1011 895 1091 pudendo,
940 1011 1045 1072 sed
1076 1030 1197 1073 non
1226 1012 1502 1073 faciendo
1543 1012 1603 1073 id
1625 1061 1640 1083 ,
1685 1013 1844 1093 quod
1885 1032 2008 1075 non
2040 1015 2240 1086 decet,
2272 1018 2468 1101 impu-

224 1099 466 1159 dentiae
498 1115 713 1158 nomen
757 1097 1015 1176 effugere
1047 1096 1349 1159 debemus.
1422 1098 1610 1171 Quem
1649 1117 1790 1159 vero
1835 1117 1953 1160 non
1984 1101 2167 1180 pudet
2200 1101 2278 1182 (id
2306 1101 2465 1181 quod
2495 1112 2594 1164 121

221 1186 292 1243 in
320 1182 622 1264 plerisque
652 1181 873 1263 video),
907 1182 1067 1243 hunc
1097 1200 1207 1262 ego
1237 1201 1359 1244 non
1388 1184 1856 1263 reprehensione
1886 1184 2108 1257 solum,
2152 1186 2255 1247 sed
2288 1188 2465 1248 etiam

222 1287 425 1349 poena
468 1267 711 1346 dignum
751 1275 915 1348 puto.
984 1267 1288 1348 Equidem
1318 1275 1377 1329 et
1417 1270 1478 1328 in
1525 1268 1688 1329 vobis
1719 1270 2187 1333 animadvertere
2218 1271 2380 1334 soleo
2412 1278 2473 1333 et

222 1357 291 1415 in
321 1373 420 1414 me
449 1355 578 1433 ipso
610 1354 953 1433 saepissime
985 1355 1288 1432 experior,
1322 1360 1387 1414 ut
1410 1353 1783 1415 exalbescam
1803 1356 1863 1414 in
1895 1357 2203 1437 principiis
2232 1357 2472 1418 dicendi

225 1447 290 1500 et
316 1445 441 1499 tota
471 1445 670 1498 mente
700 1445 874 1519 atque
898 1437 1153 1500 artubus
1182 1437 1456 1499 omnibus
1498 1442 1971 1502 contremiscam.
2045 1441 2468 1503 Adulescentu-

223 1524 323 1585 lus
365 1542 505 1585 vero
547 1524 633 1583 sic
671 1525 841 1584 initio
882 1524 1276 1585 accusationis
1318 1526 1686 1585 exanimatus
1729 1543 1889 1597 sum,
1933 1532 1999 1586 ut
2026 1526 2142 1587 hoc
2171 1545 2469 1589 summum

222 1609 585 1670 beneficium
618 1608 687 1681 Q.
717 1609 972 1670 Maximo
1003 1608 1343 1679 debuerim,
1387 1610 1546 1689 quod
1578 1612 1859 1671 continuo
1890 1610 2201 1672 consilium
2230 1612 2468 1674 dimise-

224 1697 338 1766 rit,
382 1693 556 1756 simul
588 1712 657 1754 30
686 1712 782 1754 me
813 1694 1066 1755 rractum
1100 1713 1169 1755 ac
1199 1693 1568 1756 debilitatum
1599 1703 1761 1756 metu
1789 1696 2019 1756 viderit.

397 1780 508 1840 Hic
547 1797 754 1840 omnes
793 1779 1029 1840 adsensi
1070 1781 1406 1859 significare
1445 1780 1605 1841 inter
1634 1799 1698 1842 se
1730 1787 1789 1841 et
1818 1780 2074 1862 colloqui
2117 1789 2460 1862 coeperunt.
2496 1790 2597 1840 122

223 1866 366 1926 Fuit
394 1866 555 1925 enim
585 1865 868 1926 mirificus
897 1863 1135 1944 quidam
1166 1866 1230 1925 in
1261 1867 1472 1927 Crasso
1502 1866 1727 1946 pudor,
1777 1868 1880 1946 qui
1910 1873 2111 1928 tamen
2139 1886 2258 1928 non
2291 1868 2469 1930 modo

225 1970 353 2011 non
402 1949 638 2010 obesset
690 1951 817 2010 eius
869 1950 1152 2020 orationi,
1207 1950 1312 2012 sed
1365 1952 1544 2013 etiam
1596 1951 1909 2031 probitatis
1951 1953 2468 2015 commendatione

223 2035 561 2117 prodesset.

399 2121 551 2181 Tum
580 2118 981 2182 ANTONIUS:
1016 2120 1223 2200 Saepe,
1256 2128 1321 2181 ut
1350 2121 1524 2194 dicis,
1556 2123 1766 2203 inquit,
1800 2122 2204 2196 animadverti,
2238 2124 2466 2196 Crasse,
2510 2118 2596 2194 27

225 2214 287 2267 et
319 2214 379 2267 te
410 2212 471 2266 et
513 2213 746 2266 ceteros
799 2213 1065 2267 oratores
1106 2225 1398 2279 summos,
1450 2226 1809 2288 quamquam
1862 2207 1972 2268 tibi
2022 2227 2130 2288 par
2169 2227 2303 2270 mea
2333 2228 2467 2270 sen-

222 2293 413 2354 tentia
465 2309 641 2352 nemo
694 2310 975 2372 umquam
1020 2292 1159 2363 fuit,
1211 2293 1274 2353 in
1319 2291 1560 2354 dicendi
1599 2292 1842 2355 exordio
1872 2296 2227 2374 permoveri.
2288 2295 2465 2357 Cuius
2499 2302 2596 2356 132

223 2378 469 2459 quidem
503 2378 593 2437 rei
623 2395 759 2438 cum
791 2395 1026 2438 causam
1058 2396 1440 2459 quaererem,
1474 2378 1754 2459 quidnam
1789 2386 1960 2451 esset,
1995 2398 2102 2440 cur
2130 2387 2198 2441 ut
2224 2382 2288 2441 in
2318 2400 2463 2461 quo-

222 2481 343 2544 que
373 2470 609 2523 oratore
639 2461 962 2541 plurimum
993 2470 1174 2535 esset,
1205 2465 1287 2525 ita
1316 2466 1574 2525 maxime
1602 2464 1653 2524 is
1681 2466 2162 2544 pertimesceret,
2194 2465 2302 2526 has
2333 2484 2469 2527 cau-

296 2658 391 2700 120.
429 2649 528 2712 Qui
555 2664 680 2700 vero
712 2674 784 2686 --
827 2648 1103 2710 natiirlich,
1153 2649 1296 2699 diese

223 2716 648 2771 Schiichternheit
667 2716 773 2767 und
789 2716 1160 2782 Befangenheit
1184 2716 1301 2767 darf

221 2786 368 2837 nicht
391 2787 483 2835 3111·
499 2786 855 2849 Πονο1ω63011
888 2785 997 2836 und
1021 2783 1297 2835 Schwache

220 2854 482 2912 beruhen;
528 2868 634 2903 wer
679 2852 843 2903 nichts
887 2869 953 2903 zu
998 2853 1181 2903 leisteu
1226 2855 1297 2902 im

223 2923 425 2974 Stande
458 2923 526 2973 ist
564 2921 672 2972 und
705 2922 953 2972 trotzdem
983 2921 1060 2972 als
1094 2922 1298 2972 Redner

223 2991 440 3051 austritt,
462 2989 714 3041 offenbart
736 2990 852 3056 ipso
876 2989 1017 3041 facto
1042 2991 1185 3041 seine
1204 2991 1297 3039 im-

228 3060 498 3127 pudentia.

295 3136 389 3177 121.
415 3127 811 3178 contremiscam.
836 3126 950 3176 Div.
974 3127 1028 3175 in
1051 3126 1199 3177 Caec.
1216 3123 1298 3190 13,

226 3204 281 3245 41
307 3196 435 3260 Ege,
474 3195 560 3257 qui
587 3222 650 3230 -—
675 3195 729 3243 111
756 3193 866 3244 foro
901 3193 1204 3258 iudiciisque
1231 3195 1300 3244 ita

228 3279 431 3323 verser,
466 3270 523 3312 ut
558 3262 785 3312 eiusdem
819 3263 998 3312 aetatis
1034 3273 1121 3312 aut
1146 3277 1297 3312 nemo

228 3342 320 3383 aut
352 3332 504 3398 pauci
537 3330 710 3398 plures
745 3344 927 3380 causas
961 3329 1297 3392 defenderint,

227 3409 279 3450 et
314 3401 402 3464 qui
427 3414 576 3449 omne
598 3409 802 3465 tempus
827 3425 893 3434 —
923 3398 977 3448 in
1002 3398 1083 3449 his
1108 3399 1298 3448 studiis

223 3469 590 3531 laboribusque
613 3481 929 3529 consumam,
950 3480 1049 3529 quo
1076 3468 1301 3531 paratior

225 3538 294 3587 ad
319 3551 469 3586 usum
495 3536 751 3586 forensem
774 3535 1160 3601 promptiorque
1186 3550 1301 3585 esse

225 3606 450 3671 possim,
501 3613 672 3654 tamen
703 3603 776 3653 ita
816 3602 942 3653 mibi
986 3602 1113 3652 deos
1143 3602 1301 3653 velim

225 3674 495 3739 propitioS,
515 3681 587 3736 ut,
608 3687 723 3722 cum
747 3670 885 3721 illius
910 3671 1152 3737 temporis
1175 3670 1302 3720 mihi

223 3742 370 3791 veuit
402 3741 456 3790 id
492 3748 738 3804 mentem,
774 3753 874 3804 quo
912 3739 995 3789 die
1028 3739 1178 3788 citato
1212 3753 1299 3788 reo

225 3809 354 3859 mihi
381 3810 653 3859 dicendum
671 3810 753 3868 sit,
779 3823 882 3858 11011
905 3807 1071 3858 solum
1095 3823 1307 3858 commo-

224 3894 355 3930 veor
394 3879 588 3940 animo,
631 3878 728 3928 sed
758 3878 909 3927 etiam
942 3882 1048 3928 toto
1082 3891 1305 3941 corpore

226 3947 591 4012 perhorresco.
648 3961 701 4011 p.
733 3944 897 3995 Deiot.
936 3943 996 4006 1,
1030 3953 1052 3994 1
1096 3959 1212 3994 cum
1243 3945 1294 3993 in

230 4016 468 4065 omnibus
503 4013 672 4063 causis
705 4013 1028 4078 gravioribus
1049 4040 1113 4048 --
1148 4011 1299 4063 initio

231 4083 541 4133 commoveri
576 4080 928 4131 vehementius
963 4080 1174 4131 soleam.
1244 4096 1300 4146 p.

231 4151 433 4203 Cluent.
449 4149 531 4208 18,
556 4159 606 4201 51
630 4165 835 4215 semper
858 4149 1094 4211 equidem
1112 4163 1299 4214 magno

229 4234 348 4269 cum
394 4227 534 4270 metu
578 4220 771 4284 incipio
829 4217 1014 4267 dicere.
1096 4217 1230 4267 Einl.
1277 4218 1303 4266 I

230 4285 382 4355 320,
408 4296 501 4337 200.

1464 2652 1897 2710 adulescentula-3,
1934 2649 2065 2701 Einl.
2092 2652 2113 2700 Ι
2138 2647 2169 2717 S
2200 2649 2278 2714 10,
2304 2661 2354 2701 77
2380 2653 2434 2702 ff.

1468 2751 1529 2814 Q.
1554 2752 1815 2814 Maximo,
1846 2750 2263 2802 wahrscheinlich
2289 2753 2349 2814 Q.
2373 2755 2468 2803 Fa-

1399 2820 1513 2871 bius
1523 2820 1777 2871 Maximus
1787 2821 2041 2882 Eburnus,
2067 2822 2137 2869 im
2151 2821 2198 2871 J.
2217 2820 2318 2872 116
2338 2822 2469 2873 Con-

1399 2888 1508 2949 sul,
1544 2889 1636 2938 der
1670 2889 1866 2939 damals
1901 2889 1972 2938 im
1994 2889 2045 2940 J.
2071 2888 2171 2940 119
2194 2890 2269 2941 als
2293 2891 2473 2942 Prt‘itor

1401 2957 1768 3008 Vorsitzender
1779 2957 1869 3008 des
1882 2957 2113 3009 Gerichts
2127 2959 2191 3009 (10
2203 2960 2471 3009 maiestate

1400 3040 1525 3074 war.
1553 3025 1644 3075 Als
1656 3024 1858 3075 solcher
1871 3027 2062 3076 konute
2074 3042 2129 3076 er
2144 3027 2226 3077 die
2238 3026 2470 3093 Sitzung‚

1403 3093 1486 3143 die
1511 3109 1565 3143 er
1589 3093 1849 3156 eroffnete,
1874 3094 2004 3144 auch
2019 3093 2269 3158 jederzeit
2291 3095 2470 3146 3111110-

1403 3163 1502 3212 ben
1540 3159 1834 3225 (consilium
1869 3163 2118 3212 dimittere
2155 3163 2278 3213 oder
2324 3165 2464 3214 bloss

1401 3228 1699 3292 dimittere).
2002 3261 2011 3270 ι

1469 3323 1560 3364 122.
1595 3315 1915 3380 significare,
1975 3313 2133 3364 durch
2178 3315 2322 3364 Blick
2361 3316 2469 3365 und

1398 3382 1601 3432 Mieneu
1628 3398 1692 3431 211
1717 3381 1988 3432 verstehen
2007 3384 2193 3448 geben,
2216 3382 2312 3432 wie
2330 3382 2470 3432 wahr

1404 3451 1619 3502 Crassus
1643 3449 1981 3514 gesprochen.

1465 3552 1756 3617 probitatis,
1777 3551 1861 3602 die
1884 3550 1994 3601 sich
2009 3553 2132 3602 eben
2158 3552 2214 3600 in
2238 3551 2355 3601 dem
2373 3568 2468 3618 pu-

1403 3620 1498 3670 dor
1521 3621 1815 3670 offenbarte.
1852 3621 1899 3670 11
1922 3619 2014 3683 52,
2039 3629 2132 3670 211.

1471 3722 1557 3772 27.
1594 3722 1634 3770 A
1649 3728 1757 3772 nto
1773 3722 1915 3771 nius
1955 3720 2116 3787 (deun
2153 3722 2243 3772 der
2274 3722 2471 3772 fremde

1403 3789 1718 3840 Beobachter
1732 3790 1870 3839 kann
1890 3789 1982 3840 das
2002 3788 2131 3839 auch
2150 3789 2248 3839 viel
2273 3791 2470 3854 besser)

1405 3859 1516 3924 gibt
1538 3859 1621 3908 die
1632 3856 1767 3908 Griin
1774 3858 1838 3909 de
1861 3857 2031 3908 dieser
2041 3857 2392 3922 Erscheinung
2402 3873 2469 3908 an

1404 3926 1514 3977 und
1534 3927 1675 3977 leitet
1699 3926 1861 3976 damit
1880 3942 1945 3974 211
1970 3925 2068 3975 den
2087 3926 2323 3976 weiteren
2337 3928 2469 3977 Vor-

1401 3994 1765 4060 bedingungen
1828 3993 1970 4044 eines
2028 4002 2188 4059 guten
2234 3994 2465 4045 Redners

1400 4064 1544 4113 iiber.

1472 4155 1569 4196 123.
1599 4152 1657 4196 ut
1686 4148 1740 4197 in
1764 4162 1961 4213 quoque
1980 4174 2043 4183 —
2063 4149 2167 4206 ita,
2199 4163 2333 4214 ganz
2372 4150 2469 4198 wie

1404 4212 1435 4282 s
1461 4213 1585 4273 120,
1611 4215 1714 4280 vgl.
1743 4213 1882 4280 149,
1906 4225 2006 4278 2¹⁷3
2029 4215 2115 4277 28,
2140 4225 2231 4267 130.
2268 4216 2322 4268 S.
2348 4218 2469 4269 krit.

1403 4282 1641 4349 Anhang.

2690 2292 2735 2315 V
