2930 4693
891 191 921 216 ·
976 183 1452 247 nuntiamus
1491 194 1798 247 molens.

266 351 411 418 cipes
442 351 699 403 Hierocles
736 360 786 402 et
818 353 1096 414 Menecles,
1131 355 1341 405 minime

268 434 384 470 mea
430 421 683 471 sententia
725 422 1102 472 contemnendi.
1171 421 1339 473 Strab.

267 487 393 537 XIV
417 499 471 552 p.
495 484 616 538 661.

336 552 582 621 Hippias
607 555 678 605 111
701 553 786 618 32,
811 564 887 606 127
909 567 1005 606 aus
1027 555 1133 606 Elis
1148 593 1163 618 ‚
1199 556 1341 606 einer

268 622 364 671 der
386 622 777 687 glanzendsten,
802 623 925 672 aber
948 622 1078 673 auch
1105 623 1338 674 eitelsten

267 688 548 753 Sophisten
580 690 748 739 seiner
771 689 880 740 Zeit
913 691 983 755 (s.
1010 692 1116 742 ind.
1147 690 1338 757 Sopbi-

265 754 429 821 sten).
442 756 571 808 Plst.
584 756 739 823 Hipp.
752 759 874 808 min.
887 774 940 824 p.
952 756 1054 809 368
1068 757 1105 808 Β
1118 757 1339 825 (spricht

267 822 513 874 Sokrates
528 839 592 873 zu
604 823 738 890 ihm)
749 817 977 886 πάντως
989 820 1055 877 δὲ
1066 826 1336 886 πλείστας
1361 861 1370 868 ·

265 885 482 957 τέχνας
506 883 737 943 πάντων
768 885 1099 958 σοφώτατος
1144 887 1202 945 εἷ
1232 887 1334 945 οἰν-

263 949 545 1024 nodum,
580 949 658 1019 ὦς
692 951 802 1025 ἐγώ
832 954 972 1012 ποτέ
996 974 1099 1039 σου
1123 951 1340 1027 ἤκουον

261 1021 1341 1173 ζξῖἷζῗὲξξῗῖἒῖῖοῗῖζὲἷόῖἵῗῖἶ

261 1154 932 1293 notissimi
955 1158 1343 1297 ξεῖ-,ἐπῇ

264 1289 382 1375 (Ἆείς
412 1288 521 1362 τὴν
547 1287 963 1362 τῶνἙλλήνων
990 1294 1341 1364 πανήγυριν)

262 1378 309 1428 α
333 1356 393 1413 εἴ
431 1377 489 1421 ες
511 1376 584 1414 πε
620 1361 642 1415 2
667 1357 731 1414 τὸ
755 1363 916 1430 σῶμα
938 1354 1173 1417 ἅπαντα
1197 1380 1334 1417 σαυ-

263 1426 369 1480 τοῦ
436 1445 545 1495 ογα
611 1442 753 1548 ἔων·
809 1429 1035 1496 πρῶτον
1111 1427 1174 1484 ὲν
1210 1432 1335 1512 διξ-

261 1513 299 1548 u
319 1491 559 1548 τῦλιον
582 1497 604 1563 (
641 1494 890 1550 ντεῧθεν
910 1493 1019 1566 γὰρ
1078 1518 1109 1565 ρ
1149 1499 1247 1564 ου)
1268 1515 1336 1551 ον

264 1556 423 1630 εἶχες
440 1564 658 1616 σαυτοῦ
672 1560 707 1617 ἔ
739 1582 826 1617 ειν
847 1561 1012 1645 ἔργον
1022 1584 1096 1627 ως
1136 1560 1336 1619 πιστοί-

260 1646 438 1697 μενος
462 1629 679 1683 deluto).
706 1648 806 1693 ους
866 1635 1071 1700 λυφειν
1105 1632 1205 1686 καὶ
1230 1627 1333 1685 αἴλ-

260 1700 293 1750 λ
337 1715 371 1750 ν
389 1698 687 1766 σφραγῖδα
706 1693 810 1752 σὸν
857 1718 1013 1768 ογον,
1033 1700 1132 1754 καὶ
1143 1704 1336 1768 στλεγ-

327 1764 406 1817 δα
427 1764 529 1817 καὶ
553 1762 815 1833 λήκυθον
837 1762 875 1820 ἃ
901 1761 1073 1829 αὐτὸς
1093 1762 1334 1835 εἰργάσω

294 1848 468 1885 πειτα
490 1825 718 1900 ὖποὸή
737 1839 920 1901 ματα
943 1826 984 1887 ἃ
1010 1831 1165 1904 εἶχες
1192 1832 1333 1903 ἔφη·

262 1900 389 1952 σθα
421 1893 598 1961 αὐτὸς
630 1904 1076 1970 σκυτοτομῆσαι,
1120 1901 1219 1956 καὶ
1255 1897 1331 1956 τὸ

262 1960 553 2033 ἱμάτιον
586 1961 810 2036 ὑφῆναι
843 1969 943 2023 καὶ
978 1964 1079 2023 τὸν
1111 1972 1339 2054 gumi-⁸

261 2049 404 2086 σκον
418 2048 430 2061 ·
456 2033 558 2087 καὶ
581 2027 682 2103 ὅγε
706 2037 882 2090 πᾶσιν
901 2033 1099 2102 ἔδοξεν
1116 2031 1338 2090 avond-

261 2117 442 2154 τατον
455 2100 556 2154 καὶ
575 2104 786 2169 σοφίας
803 2106 1071 2173 πλείστης
1084 2100 1338 2172 ἐπίδειγ-

259 2186 366 2236 μα,
394 2162 597 2236 ἐπειδὴ
624 2166 733 2254 τῂν
766 2165 948 2239 ζώνην
973 2169 1211 2241 ἔφησθα
1235 2172 1338 2226 τοῦ

262 2237 621 2304 χιτωνίσκου,
648 2255 723 2304 ην
748 2234 918 2307 εἶχες,
946 2236 1101 2293 εἶναι
1124 2236 1233 2308 μὲν
1252 2236 1337 2293 οἷ-

247 2321 329 2357 ,αι
348 2298 417 2357 αἱ
424 2302 702 2370 Περσικαὶ
715 2306 825 2359 τῶν
835 2308 1157 2361 πολυτελῶν
1199 2301 1336 2362 ταύ·

261 2388 373 2439 την
396 2367 462 2425 δὲ
488 2365 661 2434 αὐτὸς
682 2370 911 2439 πλέξαι·
944 2371 1087 2440 πρὸς
1113 2348 1179 2429 δὲ
1204 2370 1336 2429 τού·

261 2455 386 2499 τοις
417 2435 589 2507 ποιή
600 2458 639 2507 μ
654 2458 735 2493 ατ
750 2459 788 2493 α
823 2439 968 2510 ἔχων
1001 2437 1203 2496 ἐλθεῖν
1236 2441 1336 2497 καὶ

263 2502 375 2573 ἔπη
413 2505 513 2559 καὶ
546 2508 870 2576 τραγωδίας
913 2508 1012 2563 καὶ
1047 2505 1336 2578 διθυράμ-

260 2573 404 2642 βους
421 2572 520 2626 καὶ
541 2574 946 2644 καταλογάδην
963 2571 1206 2639 πολλοὺς
1223 2581 1253 2630 λ
1266 2570 1298 2630 ό
1311 2605 1336 2614 -

260 2656 432 2708 γους
463 2640 566 2694 καὶ
598 2639 1007 2705 παντοδαποὺς
1040 2640 1337 2713 συγκειμέ-

260 2722 427 2768 νους·
470 2707 570 2787 καὶ
601 2709 732 2776 περὶ
765 2711 877 2763 τῶν
908 2712 1122 2780 τεχνῶν
1156 2709 1231 2779 δὴ
1255 2700 1336 2764 ὧν

258 2766 1335 2910 ἔδει.ἕὲιῑέὶῑξῑῖξξιτεὲεῖῖωέφτέῑ

259 2908 423 2974 περὶ
471 2906 775 2979 ἆυθμαῖν
819 2913 921 2967 καὶ
980 2907 1337 2981 ἁρμονιῶν

259 2972 1334 3059 ξαὶγραμμοὲτωνῤρθότητοςκαὶ

261 3046 413 3113 αλλα
439 3041 523 3097 ἔτι
547 3061 690 3112 προς
714 3065 936 3109 τουτοις
958 3046 1114 3102 πάνυ
1137 3043 1335 3114 πολλά,

261 3129 344 3232 ῗιῗ
364 3105 475 3245 ,ἷζῶ
509 3111 1337 3237 ῗώέἰῖῑμιοῖεῗῗῖἔίαόἔίωί

261 3260 399 3312 σου,
435 3197 514 3307 ὥς
546 3198 728 3315 825⁸,
761 3245 1043 3318 τέχνημα,
1092 3246 1155 3304 ἐν
1197 3306 1207 3319 ,
1263 3201 1336 3303 22}

258 3312 378 3366 οἴει
411 3310 805 3383 λαμπρότατος
841 3313 1020 3370 εἶναι·
1066 3314 1231 3384 οἶμαι
1268 3314 1334 3371 δὲ

259 3379 366 3434 καὶ
394 3374 540 3434 ἄλλα
562 3376 870 3449 πάμπολλα
895 3377 1288 3452 ἐπιλελῆσθαι.

330 3448 711 3515 Hippocrates
748 3455 816 3503 111
850 3451 942 3516 33,
991 3463 1066 3503 132
1107 3456 1198 3503 der
1242 3455 1335 3504 be-

258 3514 463 3567 riibmte
484 3519 673 3583 grieclt.
693 3522 819 3569 Arzt
841 3535 937 3570 aus
952 3521 1074 3579 Kos,
1098 3522 1218 3586 geb.
1243 3536 1332 3572 um

238 3581 367 3633 -460
388 3599 439 3634 v.
468 3584 613 3649 Chr„
648 3597 778 3651 gest.
815 3585 917 3639 356
951 3604 1017 3638 zu
1039 3587 1244 3639 Larissa
1276 3589 1331 3639 in

258 3649 580 3702 Thessalien.
639 3655 795 3706 Unter
825 3656 1004 3705 seinen
1028 3656 1220 3718 vielen,
1259 3657 1331 3705 im

254 3718 529 3783 jonischen
549 3720 748 3772 Dialekt
766 3722 1165 3787 geschriebenen
1179 3723 1329 3773 Wer·

261 3787 367 3836 ken
400 3785 554 3850 (iiber
572 3789 739 3842 deren
765 3789 998 3840 Echtheit
1026 3789 1210 3854 Jedoch
1247 3790 1331 3840 die

264 3852 515 3904 Stimmen
541 3854 660 3906 sehr
683 3857 855 3923 geteilt
879 3855 1023 3923 sind)
1048 3858 1166 3909 sind
1189 3854 1331 3908 seine

259 3919 686 3986 Aphorismen
713 3938 794 3972 am
823 3926 1204 3975 bekanntesten.

333 3987 404 4054 Q.
427 3988 772 4042 Hortensius
797 3992 1034 4043 Hortalus
1058 3994 1128 4047 111
1151 3990 1236 4055 61,
1253 4000 1332 4043 228

258 4057 396 4120 geb.·
422 4055 521 4107 114
551 4073 602 4109 ν.
631 4057 747 4108 Chr.
783 4056 920 4124 (also
950 4058 986 4109 8
1020 4060 1172 4110 Jahre
1207 4060 1332 4111 alter

259 4123 339 4173 als
363 4123 586 4189 Cicero),
611 4123 800 4176 Consul
823 4127 894 4175 im
919 4126 968 4178 J.
993 4124 1078 4189 69,
1103 4134 1234 4193 gest.
1260 4128 1326 4176 im

257 4189 310 4240 J.
360 4190 443 4256 50,
491 4194 546 4243 in
594 4194 785 4243 seinem
833 4191 918 4245 64.
965 4193 1328 4258 Lebensjahre.

367 4281 474 4326 cle.
502 4280 578 4323 DE
604 4281 779 4325 ORAT.
828 4282 869 4324 2.
899 4283 1024 4324 Aufl.

2394 190 2521 254 345

1441 352 1584 403 Brut.
1619 350 1709 409 64,
1743 359 1823 403 228
1844 352 1902 403 ff.
1959 353 2019 413 Q.
2044 353 2296 405 Hortensii
2332 355 2513 407 admo·

1444 422 1565 470 dum
1583 420 1929 470 adulescentis
1947 421 2207 485 ingenium
2230 434 2284 472 ut
2301 423 2514 474 Phidiae

1441 489 1646 552 signum
1673 487 1826 537 simul
1861 499 2124 552 aspectum
2159 497 2208 538 et
2241 491 2513 554 probatum

1441 566 1539 605 est.
1589 557 1639 605 ls
1663 554 1720 605 L.
1747 555 1930 606 Crasso
1955 555 2017 615 Q.
2045 556 2291 606 Scaevola
2324 571 2509 609 consu·

1439 622 1573 673 libus
1596 621 1695 686 (im
1717 623 1765 672 J.
1791 621 1882 685 95)
1903 626 2115 686 primum
2146 625 2201 674 in
2227 624 2351 687 foro
2376 627 2517 677 dixit

1441 699 1495 740 et
1515 689 1656 756 apud
1678 688 1774 739 hos
1791 691 1935 755 ipsos
1954 690 2159 752 quidem
2179 692 2435 755 consules,
2461 702 2513 742 et

1440 772 1558 807 cnm
1582 771 1779 821 eorum,
1806 759 1892 820 qui
1915 758 2198 820 affuerunt,
2233 768 2342 808 tum
2366 761 2512 825 ipso-

1439 839 1552 874 rum
1578 825 1866 887 consulum,
1894 826 1981 887 qui
2005 839 2184 875 omnes
2209 827 2512 892 intellegen-

1436 893 1509 942 tia
1534 893 1817 952 anteibant,
1842 893 2036 942 iudicio
2064 892 2304 945 discessit
2332 897 2517 960 proba-

1440 967 1543 1009 tus.
1606 959 1934 1024 vndeviqina·
1962 975 2128 1011 annos
2149 968 2298 1012 natus
2322 971 2428 1012 erat
2451 976 2513 1012 eo

1438 1037 1670 1093 tempore
1709 1025 1845 1091 (also
1892 1043 1984 1077 zur
2016 1028 2125 1080 Zeit
2167 1043 2380 1079 anseres
2414 1028 2517 1079 Ge-

1442 1092 1655 1160 sprachs
1678 1093 1748 1145 23
1770 1095 1863 1156 J.).
1916 1093 2084 1148 Schon
2110 1096 2307 1146 damals
2329 1111 2436 1147 war
2460 1111 2519 1145 er

1444 1162 1537 1211 mit
1559 1162 1700 1211 einer
1721 1160 1940 1220 Toqnter
1962 1163 2054 1213 des
2080 1162 2289 1214 Catulus
2310 1164 2515 1214 vernei·-

1442 1235 1574 1278 ratet
1597 1229 1702 1279 und
1726 1229 1866 1279 hatte
1900 1225 2012 1279 sein
2035 1231 2403 1282 Reduci-taient
2422 1245 2513 1282 so-

1443 1296 1542 1346 wol
1588 1297 1640 1346 in
1689 1296 1782 1346 der
1825 1296 2384 1364 Vertlieidigungsrede
2439 1300 2511 1349 im

1441 1363 1616 1426 Senat,
1642 1364 1732 1413 der
1756 1378 1914 1415 causa
1938 1365 2171 1429 Africae,
2207 1365 2363 1416 deren
2388 1381 2514 1431 spe-

1438 1430 1610 1480 cieller
1634 1430 1801 1481 Inhalt
1829 1430 1970 1480 nicht
1991 1431 2136 1481 mehr
2168 1434 2394 1484 bekannt
2422 1436 2508 1496 ist,

1437 1499 1509 1547 im
1529 1498 1578 1548 J.
1596 1496 1686 1557 95,
1709 1498 1786 1549 als
1811 1501 1986 1565 spater
2006 1499 2060 1548 in
2078 1499 2248 1549 seiner
2263 1501 2406 1551 Rede
2430 1502 2514 1551 ὧι·

1437 1565 1766 1625 Nikomedes,
1777 1566 1944 1632 Konig
1953 1581 2053 1617 von
2069 1565 2336 1632 Bithynien
2350 1568 2509 1633 (auch

1437 1646 1537 1683 von
1580 1633 1751 1683 dieser
1790 1647 1944 1684 causa
1983 1634 2170 1684 visson
2214 1635 2304 1684 wir
2338 1638 2514 1686 weiter

1438 1698 1628 1763 nichts)
1660 1699 1753 1749 auf
1774 1700 1867 1751 das
1901 1700 2240 1768 glanzendste
2264 1703 2507 1753 bewtihrt.

1435 1768 1529 1817 Est
1560 1777 1729 1817 autem
1756 1767 1812 1818 L.
1840 1768 1999 1819 Paulo
2025 1769 2080 1820 C.
2116 1769 2350 1820 Marcello
2385 1786 2512 1821 con-

1437 1834 1637 1885 sulibus
1672 1844 1902 1886 mortuus
1937 1835 2033 1899 (im
2066 1837 2117 1887 J.
2150 1834 2219 1887 50
2248 1852 2300 1887 v.
2340 1836 2505 1903 Chr.),

1437 1917 1505 1952 ex
1539 1915 1638 1966 quo
1671 1902 1906 1953 videmus
1941 1917 2056 1954 eum
2091 1905 2145 1954 in
2174 1909 2512 1969 patronorum

1439 1985 1645 2021 nmero
1661 1985 1825 2021 annos
1882 1976 2068 2023 uatum·
2090 1979 2144 2022 et
2166 1975 2513 2038 quadrayinta

1436 2036 1622 2089 fuisse.
1679 2037 1804 2087 ibid.
1829 1988 1925 2100 ὅθ,
1958 2047 2036 2089 304
2071 2049 2179 2089 erat
2200 2040 2262 2090 H.
2293 2042 2343 2090 in
2375 2041 2508 2091 bello

1440 2101 1714 2170 (Marsico)
1737 2106 1904 2170 primo
1929 2105 2027 2169 (im
2050 2107 2099 2157 J.
2124 2104 2217 2168 91)
2240 2108 2418 2172 miles,
2454 2109 2508 2158 in

1438 2173 1598 2222 altero
1621 2173 1858 2222 tribunus
1881 2174 2117 2223 militum.
2166 2175 2292 2224 ibid.
2318 2173 2406 2239 88,
2431 2185 2507 2225 301

1436 2239 1501 2290 Η.
1542 2240 1699 2303 igitur
1732 2253 1850 2288 cum
1882 2239 2160 2290 admodum
2204 2241 2509 2293 adulescens

1439 2320 1588 2357 orsus
1613 2314 1750 2357 esset
1770 2307 1825 2356 in
1848 2306 1960 2357 foro
1985 2307 2170 2371 dicere,
2195 2308 2425 2360 celeriter
2441 2310 2510 2361 ad

1437 2376 1657 2425 maiores
1682 2388 1866 2425 causas
1890 2375 2124 2425 adhiberi
2156 2385 2370 2441 coeptus
2399 2387 2505 2435 est:

1439 2452 1491 2490 et
1522 2455 1827 2505 quamquam
1861 2443 2109 2494 inciderat
2152 2443 2206 2493 iu
2242 2444 2424 2496 Cottae
2458 2458 2510 2496 et

1437 2509 1657 2573 Sulpicii
1697 2516 1945 2571 aetatem,
2003 2513 2093 2576 qui
2142 2514 2292 2562 annis
2337 2515 2510 2563 decem

1435 2582 1682 2635 maiores,
1736 2576 2018 2626 excellente
2063 2585 2168 2627 tum
2222 2579 2411 2631 Crasso
2459 2591 2509 2629 et

1435 2645 1697 2703 Αηιοηίο,
1734 2643 1854 2693 dein
1887 2645 2154 2710 Philippo.
2200 2656 2318 2710 post
2349 2646 2504 2709 Iulia,

1437 2725 1554 2761 cum
1578 2709 1660 2760 his
1684 2712 1811 2776 ipsis
1836 2711 2040 2760 dicendi
2062 2712 2225 2777 gloria
2244 2728 2506 2779 compara·

1436 2779 1606 2828 batur.
1655 2778 1880 2827 Primum
1903 2781 2142 2830 memoria
2164 2789 2317 2836 tanta.
2343 2797 2509 2845 quan·

1438 2855 1542 2895 tam
1565 2846 1619 2894 in
1645 2845 1784 2895 nullo
1820 2847 2127 2911 cognovisse
2155 2862 2239 2896 me
2272 2849 2506 2911 arbitror,

1437 2922 1514 2976 ut,
1540 2926 1669 2977 quae
1686 2927 1861 2964 secum
1880 2922 2249 2965 commentatus
2267 2927 2418 2974 esset,
2447 2931 2507 2966 ea

1438 2981 1553 3030 sine
1585 2981 1774 3047 scripto
1806 2982 1979 3031 verbis
2014 2983 2211 3033 eisdem
2251 2984 2504 3045 redderet,

1438 3049 1627 3110 quibus
1662 3049 2006 3114 cogitavisset.
2076 3050 2302 3115 Ardebat
2334 3058 2506 3100 autem

1437 3117 1716 3181 cupiditate
1748 3117 1855 3179 sic,
1898 3126 1954 3166 ut
1993 3118 2047 3166 in
2089 3117 2230 3167 nullo
2265 3133 2507 3183 umquam

1437 3184 1736 3248 flagrantius
1757 3184 1975 3234 studium
2006 3184 2240 3234 viderim.
2299 3185 2507 3235 Nullum

1439 3252 1573 3299 enim
1597 3250 1884 3315 patiebatur
1908 3265 2023 3300 esse
2056 3250 2218 3309 diem,
2260 3253 2382 3312 quin
2417 3261 2508 3302 aut

1437 3317 1490 3366 in
1526 3317 1637 3366 foro
1663 3317 1852 3366 diceret
1883 3325 1972 3366 aut
2004 3317 2337 3368 meditaretur
2361 3329 2505 3369 extra

1437 3384 1633 3441 forumg
1668 3384 1974 3450 saepissime
2006 3392 2175 3434 autem
2210 3386 2394 3435 eodem
2420 3386 2506 3436 die

1436 3462 1709 3515 utrumque
1733 3451 1970 3501 faciebat.
2027 3451 2379 3515 Attuleratque
2405 3453 2502 3502 mi·

1437 3520 1574 3567 nime
1618 3519 1830 3582 vulgare
1875 3532 2040 3582 genus
2086 3519 2316 3582 dicendi3
2375 3519 2505 3570 duas

1435 3587 1641 3648 quidem
1664 3600 1780 3649 res,
1816 3601 1942 3648 quas
1979 3599 2126 3635 nemo
2152 3586 2307 3635 alius:
2344 3587 2506 3653 parti·

1431 3655 1619 3707 tiones.
1644 3653 1832 3717 quibus
1852 3652 1918 3702 de
1935 3654 2086 3703 rebus
2107 3652 2332 3703 dicturus
2352 3662 2506 3716 esset,

1434 3730 1485 3771 et
1531 3720 1854 3770 collectiones
1902 3734 2105 3779 eorum,
2153 3735 2285 3784 quae
2333 3732 2508 3771 essent

1433 3789 1573 3838 dicta
1603 3794 1814 3837 contra.
1835 3801 2069 3850 quaeque
2110 3788 2224 3852 ipse
2267 3788 2503 3838 dixisset.

1433 3855 1554 3905 Erat
1574 3854 1627 3904 in
1652 3854 1923 3904 verborum
1959 3855 2235 3920 splendore
2271 3855 2500 3919 elegans,

1434 3922 1804 3987 compositione
1835 3930 2014 3988 aptus,
2048 3922 2290 3972 facultate
2324 3924 2503 3988 copio-

1433 4004 1553 4049 sus;
1589 4003 1751 4052 eaque
1785 3998 1892 4039 erat
1918 4002 2036 4037 cum
2074 4003 2273 4038 summo
2297 3990 2503 4054 ingenio

1430 4067 1543 4107 tum
1567 4056 2013 4106 exercitationibus
2046 4058 2287 4106 maximis
2319 4071 2504 4107 conse—

1432 4132 1600 4174 cutus.
1650 4123 1777 4173 Rem
1801 4123 2234 4189 complectebatur
2256 4125 2503 4174 memori·-

1432 4204 1523 4255 ter‚
1549 4191 1810 4243 dividebat
1830 4199 1994 4254 acute,
2016 4205 2110 4240 nec
2129 4193 2479 4257 praetermitte
2512 4242 2519 4249 ,

2017 4278 2102 4343 26
