2930 4693
929 224 1027 285 DE
1056 222 1413 286 ORATORE
1443 223 1468 284 1
1498 222 1601 285 42.
1633 227 1942 282 188-190.
2476 229 2559 291 65

320 402 437 458 tur.
509 392 784 456 Adhibita
837 400 926 454 est
973 394 1155 472 igitur
1197 411 1295 454 ars
1338 390 1628 473 quaedam
1675 393 2042 454 extrinsecus
2074 410 2146 453 ex
2176 392 2291 456 alio
2326 411 2550 474 genere
2584 398 2683 453 188

320 479 595 562 quodam,
621 477 779 559 quod
793 477 909 539 sibi
938 483 1129 539 totum
1158 476 1499 558 philosophi
1522 476 1856 548 adsumunt,
1889 496 2041 558 quae
2067 495 2196 539 rem
2212 477 2555 542 dissolutam

322 563 727 644 divulsamque
777 562 1215 642 conglutinaret
1267 571 1327 624 et
1374 563 1607 624 ratione
1647 561 1901 643 quadam
1946 564 2400 643 constringeret.
2469 564 2559 625 Sit

321 668 465 729 ergo
494 651 558 710 in
579 650 712 709 iure
742 646 895 708 civili
925 648 1062 708 fluis
1089 648 1205 719 hic,
1237 645 1538 726 legitimae
1567 654 1742 728 atque
1762 648 2012 709 usitatae
2040 649 2103 708 in
2125 647 2307 711 rebus
2335 651 2556 711 causis-

319 753 435 815 que
463 734 676 795 civium
707 731 1139 813 aequabilitatis
1167 734 1561 795 conservatio.
1620 732 1773 794 Tum
1803 738 1942 794 sunt
1967 732 2224 794 notanda
2246 750 2468 812 genera
2496 742 2557 795 et
2587 738 2686 791 189

319 819 395 881 ad
436 825 667 880 certum
709 836 1029 880 numerum
1067 819 1544 898 paucitatemque
1586 816 1936 879 revocanda.
2011 817 2211 879 Genus
2238 825 2438 880 autem
2471 825 2560 880 est

318 904 397 974 id,
431 902 591 984 quod
620 903 713 963 sui
740 902 965 964 similes
988 904 1406 965 communione
1428 902 1713 983 quadam,
1747 904 1945 982 specie
1969 909 2164 964 autem
2195 902 2558 975 differenteS,

319 988 464 1051 duas
505 994 608 1050 aut
626 986 831 1067 plures
855 985 1269 1068 complectitur
1299 994 1519 1069 partes.
1565 984 1772 1049 Partes
1795 994 1992 1049 autem
2017 994 2170 1058 sunt,
2201 1006 2355 1068 quae
2377 1006 2557 1068 gene·

317 1072 488 1134 ribus
517 1073 604 1134 eis
619 1119 636 1144 ,
681 1090 754 1133 ex
794 1071 1010 1153 quihus
1038 1079 1283 1135 manant
1296 1121 1312 1144 ‚
1356 1072 1782 1141 subiiciuntur;
1825 1074 2141 1153 omniaque
2164 1119 2181 1144 ,
2227 1091 2379 1153 quae
2420 1080 2559 1135 sunt

316 1156 409 1219 vel
440 1175 729 1236 generum
759 1157 852 1217 vel
874 1158 1132 1237 partium
1153 1160 1412 1229 nomina,
1444 1156 1904 1229 definitionibus,
1936 1176 2114 1238 quam
2136 1158 2254 1218 vim
2276 1157 2555 1229 habeant,

319 1250 410 1303 est
439 1242 913 1322 exprimendum.
972 1241 1078 1304 Est
1107 1243 1268 1304 enim
1299 1242 1563 1304 definitio
1594 1259 1796 1304 rerum
1829 1260 2052 1312 earum,
2084 1260 2234 1323 quae
2264 1249 2403 1307 sunt
2432 1245 2558 1304 eius

323 1329 410 1388 rei
441 1327 736 1407 propriae,
769 1346 947 1406 quam
978 1326 1226 1388 definire
1254 1326 1543 1399 volumus,
1575 1327 1773 1388 brevis
1804 1333 1869 1397 et,
1893 1328 2344 1408 circumscripta
2373 1347 2552 1409 quae-

316 1411 453 1473 dam
483 1410 812 1493 explicatio.
872 1411 1048 1473 Hssce
1091 1428 1202 1491 ego
1232 1410 1415 1473 rebus
1438 1410 1709 1492 exempla
1742 1411 2156 1491 adiungerem,
2200 1413 2345 1484 nisi,
2393 1413 2550 1494 apud
2585 1420 2687 1474 190
2756 1459 2771 1474 .

317 1515 466 1579 quos
517 1497 665 1558 haec
708 1496 1032 1558 haberetur
1061 1498 1279 1568 oratio,
1334 1514 1664 1558 cernerem.
1744 1497 1917 1558 Nunc
1948 1495 2341 1575 complectar,
2396 1497 2555 1577 quod

317 1733 435 1782 simi
452 1740 743 1799 praecepta
764 1734 1022 1785 rhetorum
1045 1759 1110 1769 -—
1134 1749 1380 1798 cognove-

314 1809 452 1851 rant.
487 1801 556 1850 Es
580 1800 763 1851 bedarf
781 1801 890 1851 also
920 1802 1058 1850 einer
1070 1801 1382 1866 Aenderung

314 1868 408 1918 des
433 1869 619 1919 Textes
647 1870 702 1917 in
725 1868 921 1917 infinita
955 1869 1079 1919 oder
1103 1870 1380 1930 incondita,

314 1936 439 1987 oder
467 1938 707 2001 ignorata
746 1937 1021 1987 hominibus
1070 1943 1158 1987 aut
1198 1937 1383 1987 diffusa

323 2004 424 2053 late
448 2003 606 2054 nicht.
723 2006 740 2017 ”

382 2072 574 2136 diffie-sa
582 2070 821 2122 schienen
840 2086 1019 2122 ausser
1028 2071 1179 2122 allem
1189 2087 1386 2138 gegen-

313 2138 937 2203 seitigenZusammenhan
992 2139 1279 2203 zustehen(
1286 2140 1383 2191 Ns-

313 2205 558 2272 gelsbach
591 2206 699 2257 Lat.
737 2206 850 2258 Stil.
885 2203 917 2273 S
942 2154 1070 2271 ῗ33,
1097 2206 1177 2273 8),
1219 2209 1381 2259 obwol

312 2276 392 2324 sie
424 2274 516 2324 der
536 2274 666 2324 That
700 2274 830 2326 uach
866 2289 967 2340 eng
990 2290 1383 2341 zusammenge-

314 2341 471 2394 horen
489 2380 503 2406 ,
530 2342 605 2393 als
633 2342 717 2393 die
740 2342 859 2395 faur
871 2343 1047 2395 Theile
1072 2344 1165 2395 des
1192 2346 1382 2396 einen

321 2410 549 2464 officium
576 2413 806 2465 oratoris,

381 2486 473 2528 188.
485 2478 732 2530 Adhibita
751 2487 843 2539 est,
859 2479 1229 2544 gleichsamals
1241 2479 1383 2530 tech-

312 2544 515 2596 nischer
524 2546 786 2608 Beistand,
798 2562 900 2598 von
913 2547 1099 2598 dessen
1109 2548 1383 2598 Hinzuzie-

312 2613 456 2679 hung
471 2614 658 2679 gerade
676 2614 920 2665 adhibere
943 2614 1221 2680 gebraucht
1237 2615 1381 2666 wird.

310 2678 470 2749 3157.
496 2681 660 2732 Ueber
684 2682 766 2732 die
777 2681 1275 2732 Unentbehrlichkeit
1294 2683 1384 2732 der

310 2749 568 2799 Dialektik
578 2748 661 2799 fiir
671 2749 723 2799 d.
737 2749 768 2798 J
770 2750 1110 2816 urisprudenz
1123 2749 1226 2815 vgl.
1240 2750 1381 2800 Brut.

312 2817 396 2881 41,
410 2826 487 2867 152
512 2817 650 2879 quod
662 2832 940 2881 numquam
951 2818 1205 2868 effecisset
1217 2819 1382 2884 ipsius

311 2885 439 2935 iuris
472 2885 685 2935 scientia
728 2881 879 2952 (dass
912 2886 989 2935 sie
1024 2901 1114 2936 zur
1144 2885 1383 2937 Wissen·

311 2952 479 3003 schaft
502 2952 725 3003 erhoben
748 2951 950 3017 wurde)
975 2954 1073 3004 nisi
1099 2968 1210 3004 eam
1236 2969 1380 3020 prae-

310 3029 451 3070 terea
486 3021 748 3071 didicisset
780 3029 967 3082 artem,
1012 3036 1143 3087 quae
1177 3022 1381 3072 doceret

311 3103 419 3138 rem
442 3089 735 3140 universam
761 3090 984 3139 tribuere
1007 3091 1060 3140 in
1084 3099 1276 3156 partes,
1301 3092 1375 3139 la·

310 3164 504 3206 tentem
517 3157 770 3223 explicare
783 3158 1091 3222 definiendo,
1108 3160 1378 3209 obscuram

312 3224 589 3291 explanare
605 3226 982 3291 interpretando
995 3243 1009 3283 ς
1026 3227 1265 3291 ambigua
1275 3227 1379 3292 pri-

309 3307 453 3342 mum
474 3293 676 3357 videre,
703 3293 888 3343 deinde
912 3293 1257 3358 distinguere3
1280 3307 1379 3360 po-

310 3368 502 3412 stremo
539 3360 728 3411 habere
762 3361 1015 3426 regulam,
1053 3377 1155 3424 qua
1182 3376 1306 3411 vera
1330 3370 1380 3411 et

313 3428 444 3478 falsa
478 3428 900 3488 diiudicarentur,
951 3437 1001 3478 et
1036 3445 1166 3493 quae
1201 3430 1386 3492 quibus

312 3497 592 3561 propositis
618 3504 793 3547 essent
816 3511 1051 3562 quaeque
1086 3511 1189 3548 non
1214 3506 1389 3548 essent

310 3564 698 3628 consequentia.

310 3700 326 3749 l
361 3634 576 3751 1ξιιιίςαιίο
597 3647 812 3699 genere,
849 3632 1002 3684 naml.
1027 3648 1121 3709 aus
1155 3633 1246 3683 der
1266 3633 1384 3683 Dia-

332 3714 359 3749 e
397 3701 435 3749 ti

379 3775 557 3828 totvm,
594 3768 777 3819 sodass
811 3768 888 3819 sie
922 3769 1038 3819 dem
1072 3768 1266 3819 Rhetor
1297 3783 1391 3833 gar

312 3836 498 3886 keinen
524 3836 696 3887 Anteil
721 3836 878 3887 daran
904 3845 1200 3888 verstatten.

378 3905 583 3955 ratione
627 3906 871 3971 quadam,
921 3905 1050 3955 nach
1098 3906 1237 3955 einer
1282 3904 1375 3955 be-

311 3973 571 4022 stimmten
594 3970 755 4037 Rege!
776 3988 830 4022 u.
855 3972 1110 4025 Methode.

380 4039 463 4090 Sit
485 4040 866 4107 erqo—Damit
884 4041 1013 4091 wird
1033 4042 1127 4092 das
1147 4043 1277 4091 eben
1300 4056 1379 4091 er-

311 4107 515 4158 wiihnte
539 4124 646 4158 nun
670 4108 765 4159 auf
785 4108 1269 4174 dieJurisprudenz‚
1294 4123 1381 4159 um

313 4176 399 4225 die
434 4190 489 4225 es
524 4176 635 4226 sich
673 4175 922 4227 zunachst
956 4176 1189 4237 handelt,
1225 4191 1380 4242 ange-

311 4243 507 4294 wandt:
536 4243 622 4295 ‘So
647 4259 789 4295 muss
813 4244 923 4295 also
946 4244 1270 4296 hinsichtlich
1289 4244 1381 4295 des

1482 1733 1823 1785 Privatrechts
1858 1741 1962 1784 erst
1996 1734 2183 1784 dessen
2220 1732 2403 1783 Zweck
2435 1734 2558 1784 oder

1483 1802 1680 1866 Begriff
1697 1801 1987 1867 ausgestellt
2010 1801 2250 1851 werden'.
2296 1801 2426 1867 Top.
2454 1801 2504 1861 2,
2532 1812 2557 1852 9

1485 1869 1589 1920 Sed
1624 1869 1693 1919 ad
1728 1869 1782 1920 id
1813 1879 2000 1928 totum,
2036 1869 2100 1919 de
2135 1882 2236 1931 quo
2270 1869 2556 1930 disseritur,

1484 1945 1593 1987 tum
1617 1937 1844 1987 definitio
1861 1935 2149 1998 adhibetur,
2163 1950 2295 1999 quae
2312 1938 2461 2000 quasi
2479 1938 2558 1987 iu-

1485 2005 1716 2056 volutum
1742 2004 1933 2055 evolvit
1955 2005 2026 2065 id,
2051 2004 2118 2054 de
2141 2018 2242 2067 quo
2267 2004 2557 2068 quaeriu1r;

1488 2073 1601 2123 eius
1625 2073 1909 2137 argumenti
1942 2071 2060 2122 talis
2099 2080 2178 2122 est
2200 2071 2445 2122 formula:
2473 2074 2556 2123 ius

1488 2139 1638 2190 clvile
1672 2149 1751 2190 est
1778 2143 2011 2207 aequitas
2034 2143 2310 2191 constituta
2333 2141 2435 2202 eis,
2470 2143 2560 2207 qui

1488 2211 1709 2259 eiusdem
1732 2210 1952 2259 civitatis
1974 2214 2107 2269 sunt,
2127 2209 2201 2259 ad
2219 2223 2308 2258 res
2329 2223 2452 2258 suas
2470 2209 2557 2260 ob-

1485 2278 1753 2327 ttnendas:
1780 2276 1872 2326 das
1905 2274 2320 2326 Privatrecht
2342 2273 2431 2325 hat
2455 2275 2553 2325 den

1486 2330 1692 2404 Zweck'
1695 2344 1747 2394 in
1758 2343 1858 2395 den
1869 2342 2341 2409 Angelegeuheiten
2363 2359 2415 2395 u.
2429 2343 2552 2394 Pro-

1486 2427 1664 2463 cessen
1689 2412 1779 2462 der
1803 2411 2318 2478 Staatsangehiirigen
2336 2411 2434 2477 (im
2454 2411 2552 2463 Ge·

1483 2488 1697 2547 gensatz
1731 2495 1832 2531 von
1856 2478 2113 2545 gentium)
2147 2480 2233 2530 die
2255 2479 2555 2545 allgemein·

1484 2549 1716 2613 giiltigen
1750 2548 2171 2612 Bestimmungen
2206 2546 2333 2596 nach
2370 2545 2554 2598 Gesetz

1486 2615 1592 2665 und
1615 2616 1957 2666 Herkommen
1991 2612 2089 2677 (im
2115 2612 2403 2680 Gegensatz
2439 2630 2554 2665 vom

1487 2683 1753 2734 Criminal-
1775 2683 1884 2733 und
1893 2681 2190 2748 Strafrecht,
2212 2682 2351 2745 quod
2368 2697 2468 2733 non
2489 2684 2557 2734 ad

1487 2766 1667 2801 omnes
1691 2751 1834 2801 cives
1857 2747 2105 2816 pertinet)
2132 2767 2196 2801 zu
2218 2749 2442 2802 wahren.

1556 2845 1648 2886 189.
1671 2837 2106 2900 paucitatemque,
2136 2834 2292 2899 1134,
2319 2844 2421 2898 145,
2451 2836 2562 2886 ‘aul'

1487 2904 1572 2954 die
1593 2903 1865 2968 mogli’chst
1899 2904 2118 2954 kleinste
2150 2903 2332 2954 Auzal'
2345 2943 2359 2966 ,
2398 2872 2558 2955 damit

1485 2971 1626 3021 nicht
1659 2972 1742 3022 bei
1767 2970 2188 3036 unzulfinglicher
2220 2971 2555 3023 Subsumtion

1483 3040 1575 3090 der
1590 3039 1817 3105 logische
1830 3038 2010 3090 Fehler
2028 3039 2279 3102 entstehe,
2300 3040 2421 3092 dass
2442 3041 2556 3090 eine

1482 3108 1607 3159 oder
1641 3107 1871 3158 mehrere
1906 3107 2117 3174 Species
2150 3109 2301 3173 iibrig
2334 3108 2553 3168 bleiben,

1483 3177 1569 3226 die
1601 3176 1693 3225 mit
1727 3176 1844 3226 dem
1878 3190 2041 3240 genus
2076 3175 2382 3225 coordiniert
2415 3176 2551 3226 sind.

1483 3245 1548 3294 de
1572 3244 1677 3294 inv.
1703 3245 1724 3292 1
1748 3245 1832 3303 22,
1860 3241 1926 3294 32
1950 3242 2182 3308 paucitas
2207 3244 2260 3294 in
2284 3244 2556 3308 partitione

1483 3322 1737 3370 servatur,
1764 3311 1807 3361 si
1827 3325 2016 3375 genera
2034 3311 2148 3376 ipsa
2170 3325 2338 3360 rerum
2357 3325 2555 3376 ponun-

1481 3389 1588 3438 tur,
1614 3394 1775 3445 neque
1794 3380 2054 3444 permixte
2077 3394 2187 3428 cum
2207 3378 2443 3443 partibus
2465 3380 2555 3428 im-

1485 3449 1764 3512 plicantur.

1553 3533 1823 3597 propriae.
1871 3531 1999 3596 Top.
2024 3527 2088 3591 6,
2113 3538 2164 3580 29
2186 3530 2264 3580 sic
2286 3530 2440 3596 igitur
2462 3545 2550 3579 ve-

1492 3608 1624 3649 teres
1647 3599 1990 3666 praecipiunt:
2025 3612 2140 3648 cum
2164 3598 2449 3664 sumpseris
2474 3612 2550 3660 ea,

1494 3682 1624 3729 quae
1647 3669 1752 3718 sint
1776 3667 1822 3716 ei
1845 3667 1945 3729 rei,
1983 3681 2137 3729 quam
2170 3666 2382 3717 definire
2405 3666 2552 3728 velis,

1492 3751 1608 3785 cum
1632 3734 1746 3785 aliis
1771 3735 2074 3797 communia,
2103 3749 2267 3799 usque
2290 3748 2350 3784 eo
2374 3749 2554 3802 perse-

1493 3804 1608 3867 qui,
1655 3803 1777 3853 dum
1810 3805 2077 3868 proprium
2100 3802 2373 3862 efficiatur,
2417 3802 2554 3864 quod

1486 3871 1677 3922 nullam
1701 3871 1854 3922 aliam
1877 3871 1928 3921 in
1953 3886 2061 3920 rem
2084 3869 2347 3921 transferri
2370 3871 2551 3935 possit,

1486 3940 1570 3989 die
1601 3938 1959 3989 wesentlichen
1985 3936 2398 4004 Eigenschaften.
2449 3937 2553 3987 Ns-

1484 4006 1726 4073 gelsbach
1750 4006 1857 4057 Lat.
1886 4005 1998 4058 Stil.
2023 4003 2056 4074 S
2079 4004 2131 4068 8,
2155 4005 2207 4057 6.

1552 4093 1961 4157 circumcripta,
1988 4091 2163 4142 scharf
2184 4092 2474 4157 begrenzte.

1554 4185 1647 4226 190.
1672 4178 1933 4241 exempla,
1957 4177 2053 4226 wie
2076 4176 2153 4226 sie
2175 4177 2304 4242 Top.
2328 4177 2386 4236 2,
2413 4186 2464 4235 9,
2499 4175 2550 4237 5,

1485 4253 1562 4307 28;
1587 4241 1650 4306 6,
1674 4253 1725 4295 29
1748 4245 1978 4310 gegeben
1998 4245 2132 4296 sind.
