2930 4693
893 222 990 284 DE
1021 221 1378 286 ORATORE
1410 223 1432 282 l
1462 221 1521 284 9.
1552 229 1792 281 35-37.
2376 230 2456 292 19

207 398 279 454 et
299 394 661 472 privatorum
685 391 1077 472 plurimorum
1101 400 1162 454 et
1181 394 1492 454 universae
1515 393 1604 454 rei
1622 392 1897 473 publicae
1919 392 2169 455 salutem
2200 395 2455 456 maxime

207 478 536 539 contineri.
584 478 982 549 Quamobrem
1008 481 1265 558 pergite,
1300 487 1365 540 ut
1392 478 1603 548 facitis
1637 474 2062 549 adulescenteS,
2095 487 2271 558 atque
2301 481 2361 540 in
2392 480 2452 540 id

205 563 506 633 studium,
538 563 601 623 in
632 580 749 642 quo
780 566 947 634 estis,
980 562 1324 632 incumbite,
1358 570 1510 624 utet
1533 562 1698 623 vobis
1727 563 1943 624 honori
1974 570 2033 624 et
2063 566 2268 625 amicis
2296 564 2453 627 utili·

203 649 322 708 tati
353 655 414 709 et
441 650 531 708 rei
563 647 831 727 publicae
863 648 1262 710 emolumento
1293 666 1423 710 esse
1452 649 1709 727 possitis.

386 733 537 794 Tum
562 729 939 795 SGAEVOLA
971 736 1237 803 comiter,
1269 740 1336 794 ut
1364 732 1619 793 solebat:
1654 733 1880 804 Cetera,
1911 734 2120 813 inquit,
2154 733 2454 795 adsentior
2485 738 2523 811 9
2553 748 2622 802 35

204 819 449 887 Crasso,
481 836 558 878 ne
589 825 690 879 aut
720 818 793 879 de
824 819 885 880 C.
911 818 1097 879 Laelii
1127 820 1320 879 soceri
1350 819 1484 888 mei,
1518 824 1617 878 aut
1648 817 1721 877 de
1751 818 1927 879 huius
1957 820 2165 896 generi
2195 826 2296 880 aut
2323 826 2453 880 arte

202 910 315 963 aut
345 902 534 981 gloria
566 896 903 973 detraham;
949 903 1053 965 sed
1095 903 1194 965 illa
1238 902 1380 972 duo,
1427 903 1667 974 Crasse,
1711 920 1924 964 vereor
1969 910 2034 964 ut
2077 902 2185 964 tibi
2231 905 2450 983 possim

201 988 573 1057 concedere:
605 1006 788 1049 unum
806 1037 819 1058 ,
852 989 1010 1069 quod
1041 987 1114 1050 ab
1146 987 1483 1050 oratoribus
1512 989 1774 1048 civitates
1820 995 1879 1049 et
1904 989 2073 1049 initio
2104 990 2452 1051 constitutas

200 1081 270 1134 et
300 1091 479 1152 saepe
510 1081 883 1134 conservatas
914 1092 1042 1135 esse
1074 1074 1301 1144 dixisti,
1336 1073 1607 1142 alterum,
1640 1072 1797 1152 quod
1829 1080 2059 1135 remoto
2091 1074 2222 1135 foro
2245 1121 2261 1144 ,
2306 1092 2448 1135 con-

199 1161 407 1228 tione,
439 1158 691 1228 iudiciis,
725 1165 932 1220 senatu
961 1161 1244 1230 statuisti,
1290 1165 1588 1220 oratorem
1620 1158 1684 1218 in
1714 1160 1876 1219 omni
1906 1175 2127 1237 genere
2157 1160 2451 1221 sermonis

200 1251 270 1304 et
301 1240 688 1304 humanitatis
718 1261 848 1305 esse
878 1244 1227 1324 perfectum.
1290 1244 1433 1316 Quis
1463 1245 1620 1304 enim
1653 1242 1764 1303 tibi
1792 1244 1907 1304 boc
1938 1246 2316 1315 concesserit,
2350 1251 2452 1305 aut

196 1329 380 1389 initio
405 1345 592 1406 genus
615 1329 921 1391 hominum
946 1331 1009 1390 in
1040 1328 1339 1391 montibus
1370 1347 1439 1391 ac
1469 1327 1630 1389 silvis
1659 1327 2004 1407 dissipatum
2036 1346 2157 1390 non
2186 1329 2449 1409 pruden-

196 1414 358 1474 tium
391 1413 654 1475 consiliis
685 1413 1052 1494 compulsum
1083 1418 1293 1495 potius,
1326 1431 1504 1495 quam
1534 1412 1893 1475 disertorum
1924 1416 2191 1475 oratione
2222 1414 2448 1475 deleni-

198 1505 336 1559 tum
368 1516 433 1560 se
464 1498 699 1578 oppidIs
739 1498 1171 1579 moenibusque
1203 1499 1531 1579 saepsisse?
1581 1505 1681 1558 aut
1709 1515 1850 1559 vero
1879 1497 2139 1579 reliquas
2169 1498 2450 1560 utilitates

197 1590 311 1644 aut
337 1584 399 1643 in
432 1583 859 1646 constituendis
890 1590 991 1645 aut
1019 1587 1080 1646 in
1113 1582 1533 1645 conservandis
1564 1581 1895 1644 civitatibus
1937 1601 2058 1644 non
2101 1602 2132 1644 a
2163 1586 2447 1664 sapienti-

195 1668 321 1730 bus
380 1675 440 1728 et
497 1668 753 1730 sortibus
808 1672 978 1738 viriS,
1040 1670 1145 1731 sed
1204 1688 1237 1730 a
1297 1670 1533 1730 disertis
1575 1674 1902 1747 ornateque
1943 1667 2278 1730 dicentibus
2318 1687 2448 1730 esse

196 1754 591 1814 constitutas?
656 1754 746 1815 An
795 1771 937 1815 vero
982 1754 1087 1815 tibi
1115 1754 1402 1817 Romulus
1441 1752 1543 1814 ille
1585 1759 1684 1813 aut
1722 1758 1990 1832 pastores
2043 1761 2105 1814 et
2154 1771 2451 1815 convenas
2491 1759 2560 1811 37

196 1852 603 1917 congregasse
648 1846 747 1900 aut
788 1838 1144 1901 Sabinorum
1190 1839 1484 1900 connubia
1528 1836 1902 1898 coniunxisse
1933 1844 2033 1898 aut
2060 1839 2445 1899 finitimorum

194 1924 321 1984 vim
366 1925 724 2001 repressisse
766 1923 1101 2004 eloquentia
1138 1924 1394 1995 videtur,
1442 1940 1564 1984 non
1607 1922 1854 1983 consilio
1895 1930 1955 1984 et
1993 1925 2280 2002 sapientia
2324 1925 2445 1986 sin-

199 2007 437 2088 gulari?
481 2007 675 2080 Quid?
705 2009 768 2069 in
798 2009 987 2070 Numa
1019 2009 1338 2090 Pompilio,
1373 2008 1553 2089 quid?
1582 2009 1645 2068 in
1677 2008 1882 2069 Servio
1913 2007 2137 2079 Tullio,
2171 2009 2350 2089 quid?
2379 2011 2443 2070 in

196 2093 423 2154 ceteris
452 2093 726 2171 regibus,
771 2112 1025 2174 quorum
1057 2093 1240 2156 multa
1270 2101 1409 2156 sunt
1438 2094 1652 2155 eximia
1684 2092 1756 2153 ad
1799 2093 2271 2155 constituendam
2316 2111 2443 2155 rem

194 2177 531 2258 publicam,
564 2196 704 2239 num
739 2178 1110 2259 eloquentiae
1139 2181 1450 2258 vestigium
1482 2178 1769 2258 apparet?
1815 2178 2003 2250 Quid?
2034 2180 2257 2241 exactis
2286 2180 2445 2257 regi-

195 2263 313 2325 bus
343 2297 428 2306 —
469 2265 704 2325 tametsi
753 2265 944 2344 ipsam
997 2266 1362 2327 exactionem
1410 2270 1641 2334 mente,
1694 2280 1817 2324 nou
1863 2262 2065 2342 lingua
2114 2264 2443 2349 perfectam

266 2466 589 2519 Sciivolas
662 2456 1052 2520 z‘wiefacher
1117 2470 1266 2521 Ein-

192 2536 363 2587 vvurf
383 2534 439 2599 (c
478 2534 530 2595 9,
554 2535 758 2600 35-11,
785 2538 879 2601 45).

263 2617 329 2679 9,
352 2628 420 2670 35.
466 2619 612 2672 leuius
631 2624 815 2687 generi
830 2631 928 2673 etc.
967 2626 1034 2675 111
1058 2624 1150 2683 43,
1179 2632 1269 2676 171.

263 2720 428 2770 saepe
468 2719 527 2756 so
570 2706 644 2756 oft
678 2706 901 2757 namlich
935 2707 1026 2757 der
1049 2708 1272 2759 Bestand

193 2774 292 2824 des
306 2772 507 2824 Staates
533 2773 690 2824 durch
703 2772 918 2824 Gesetze
943 2777 1047 2826 und
1059 2776 1271 2826 Rechts-

192 2841 500 2905 ordnungen
536 2858 601 2891 zu
637 2843 918 2908 bel'estigen
954 2860 1057 2893 war
1090 2840 1149 2909 (S
1183 2842 1268 2895 33.

193 2906 324 2972 36),
359 2923 466 2959 was
503 2908 640 2960 nicht
675 2910 827 2961 allein
870 2911 989 2962 bald
1019 2911 1146 2961 nach
1182 2913 1272 2961 der

193 2976 483 3042 Griindung
509 2978 651 3042 niitig
673 2994 790 3041 war,
819 2980 1040 3030 sonderu
1066 2979 1175 3030 sich
1199 2980 1269 3030 im

190 3045 360 3096 huie
407 3044 497 3094 der
542 3045 841 3096 staatlichen
883 3048 1270 3113 Entwickelung

194 3113 357 3166 iil’ters
380 3112 723 3165 wiederholte.

258 3221 456 3267 remoto
470 3215 593 3278 soro
615 3222 730 3280 etc„
758 3217 847 3265 mit
858 3216 1193 3282 Beseitigung
1211 3217 1263 3267 d.

190 3283 245 3334 h.
274 3295 412 3347 ganz
436 3283 725 3348 abgesehen
763 3299 859 3336 von
887 3285 1003 3336 dem
1030 3286 1265 3351 cigentli-

188 3351 326 3402 eben
345 3349 470 3400 Feld
493 3350 827 3402 oratorischer
844 3352 1152 3417 Thatigkeit,
1173 3353 1264 3403 der

187 3417 554 3485 geriehtlichen
595 3417 751 3484 (foro,
780 3419 1011 3483 iudiciis)
1059 3437 1111 3471 u.
1140 3421 1268 3472 deli-

190 3487 462 3539 bentiven
496 3486 789 3550 (contione,
834 3486 1043 3549 senatu)
1079 3488 1266 3539 Bered-

188 3555 429 3607 samkeit.
465 3553 641 3623 ,VgLS
663 3553 749 3607 32.
760 3554 845 3607 48.
867 3554 961 3614 73;
987 3558 1058 3608 111
1087 3556 1166 3620 17,
1194 3566 1262 3609 63.

186 3656 1151 3792 miiiffssgissiiss'fie‘ss‘ssxrsst‘ffiffii?3.
1163 3658 1265 3775 ⁶11}ss

188 3792 341 3842 beret
363 3791 420 3841 B·
445 3793 603 3858 dung.
629 3790 682 3860 ,S
706 3790 825 3844 256.
852 3795 897 3843 11
928 3791 1016 3859 10,
1041 3802 1110 3844 4ο.

257 3902 326 3945 36.
351 3894 497 3945 initio
514 3922 584 3930 --
598 3892 729 3944 nach
742 3894 881 3945 einer
904 3894 1023 3947 sehr
1041 3895 1263 3946 verbrei·

186 3969 325 4012 teten
340 3962 675 4027 Vorstellung
697 3977 797 4013 von
826 3964 918 4014 der
938 3963 1264 4027 Entstehuug

186 4027 484 4081 staatlicher
506 4031 743 4081 Vereins.
781 4031 845 4080 de
868 4031 973 4081 inv.
1000 4034 1021 4081 1
1045 4031 1134 4092 2,2
1152 4032 1261 4092 Quo

186 4109 419 4164 tempore
445 4098 670 4160 quidam,
695 4113 903 4165 maynus
925 4099 1164 4149 videlicet
1187 4100 1264 4149 vir

188 4173 240 4215 et
272 4169 482 4231 sapiens
526 4192 591 4201 —
615 4168 894 4231 <dispersos
933 4165 1164 4218 homines
1212 4167 1263 4216 in

186 4235 325 4301 agris
359 4244 413 4284 et
443 4234 496 4285 in
531 4236 677 4286 tectis
712 4235 1033 4285 silvestribus
1056 4235 1261 4285 abditos

1371 2468 1566 2519 ratione
1591 2468 1811 2530 quadam
1835 2469 2073 2532 compulit
2101 2482 2259 2518 unum
2288 2469 2338 2517 iu
2365 2468 2443 2517 lo-

1371 2552 1489 2586 cum
1524 2544 1573 2586 et
1605 2535 1935 2600 congregavit
1967 2541 2019 2583 et
2051 2549 2139 2585 eos
2172 2536 2225 2584 iu
2262 2550 2443 2587 unam-

1373 2619 1630 2668 quamque
1661 2618 1766 2653 rem
1800 2603 2050 2653 inducens
2072 2605 2242 2653 utilem
2276 2612 2325 2652 et
2346 2603 2442 2654 ho-

1373 2681 1589 2733 nestam,
1610 2672 1777 2737 primo
1798 2678 2006 2737 propter
2021 2671 2345 2720 insolentiam
2362 2687 2443 2720 re·-

1373 2740 1653 2790 ciamantes
1668 2737 1879 2802 (deinde
1891 2746 2101 2804 propter
2108 2739 2359 2789 rationem
2368 2746 2444 2789 at·
2485 2745 2489 2749 ’

1373 2823 1473 2871 que
1482 2807 1761 2858 orationem
1772 2805 2053 2857 studiosius
2071 2804 2365 2873 audientes)
2378 2823 2445 2858 ex

1371 2876 1496 2926 feris
1529 2882 1579 2925 et
1614 2875 1923 2925 immanibus
1963 2876 2111 2925 mites
2144 2876 2368 2926 reddidit
2392 2883 2442 2925 et

1374 2950 1686 2994 mansuetos.
1721 2958 1773 3007 p.
1800 2942 1937 2994 Sest.
1962 2944 2055 3003 42,
2081 2952 2129 2994 91
2162 2943 2260 3004 Qui
2284 2944 2444 3007 igitur

1371 3012 1527 3079 primi
1544 3014 1729 3064 virtute
1754 3019 1804 3061 et
1818 3013 2028 3064 consilio
2041 3013 2339 3076 praestanti
2354 3027 2443 3062 ex-

1369 3082 1623 3138 stiterunt,
1637 3080 1682 3129 ei
1695 3088 1962 3146 perspecto
1981 3093 2170 3144 genere
2186 3078 2442 3130 humanae

1370 3148 1644 3199 docilitatis
1700 3155 1852 3211 atque
1908 3147 2104 3212 ingenii
2161 3149 2442 3213 dissipatos

1368 3231 1527 3267 uuum
1564 3218 1615 3265 in
1652 3215 1819 3265 locum
1855 3222 2228 3280 congregarunt
2251 3230 2440 3280 eosque

1369 3300 1435 3334 ex
1460 3284 1704 3333 efferitate
1726 3282 1813 3332 illa
1836 3283 1903 3332 ad
1926 3284 2171 3336 iustitiam
2196 3291 2350 3346 atque
2371 3284 2440 3334 ad

1369 3367 1485 3402 man
1493 3350 1815 3402 suetudinem
1828 3351 2244 3401 transduxerunt.
2271 3353 2438 3407 utilit..

1370 3418 1626 3470 niitzliche
1648 3419 1792 3485 polit.
1819 3418 2236 3483 Einrichtungen.
2260 3413 2292 3483 S
2321 3416 2438 3471 193.

1370 3485 1692 3552 Nagelsbach
1710 3486 1821 3535 Lat.
1848 3485 1962 3536 Stil.
1988 3482 2021 3551 S
2045 3483 2142 3548 46,
2170 3495 2210 3535 1.

1437 3564 1506 3606 37.
1543 3561 1736 3606 mente:
1769 3553 1914 3604 Brut.
1941 3552 2030 3611 14,
2058 3562 2108 3603 53
2142 3553 2267 3614 Quis
2305 3554 2440 3603 enim

1369 3632 1514 3690 putet
1546 3623 1858 3673 celeritatem
1881 3623 2075 3687 ingenii
2104 3621 2161 3670 L.
2188 3621 2343 3671 Bruto
2368 3621 2442 3671 illi

1369 3717 1435 3728 -—-
1448 3691 1711 3742 defuisse?
1735 3689 1906 3753 quide
1924 3697 2086 3739 matre
2108 3689 2357 3739 savianda
2375 3703 2441 3738 ex

1367 3759 1572 3810 oraculo
1595 3758 1847 3824 Apollinis
1864 3764 1965 3808 tam
1985 3764 2134 3807 acute
2160 3765 2443 3820 arguteque

1369 3827 1668 3889 coniecerit3
1714 3825 1800 3888 qui
1835 3839 2087 3876 summam
2121 3824 2441 3889 prudentiam

1365 3895 1688 3946 simulatione
1711 3892 1953 3943 stultitiae
1985 3891 2195 3950 texet-iu
2233 3892 2320 3956 qui
2344 3906 2441 3959 po-

1364 3963 1710 4014 tentissimum
1735 3976 1906 4025 regem
1932 3960 2202 4010 clarissimi
2224 3960 2360 4025 regis
2380 3960 2443 4009 fi·-

1363 4032 1492 4081 lium
1530 4030 1781 4095 expulerit
1812 4029 2170 4090 civitatemque
2193 4035 2441 4094 perpetuo

1366 4099 1630 4149 dominatu
1654 4098 1921 4147 liberatam
1946 4097 2326 4161 magistratibus
2346 4111 2437 4146 an-

1366 4167 1483 4216 nuis
1527 4165 1728 4230 legibus
1774 4164 2080 4227 iudiciisque
2127 4157 2436 4222 devinxerit3
2470 4201 2476 4205 .

1372 4234 1456 4300 qui
1485 4234 1710 4302 collegae
1738 4248 1833 4286 suo
1859 4234 2130 4301 imperium
2156 4234 2439 4301 abrogave-

2492 1255 2561 1308 36
