2930 4693
913 226 1373 289 EINLEITUNG
1400 227 1454 288 Π
1497 229 1534 307 S
1564 235 1617 288 3.
2194 242 2394 291 van

178 411 307 470 σεις
333 397 564 458 reihten
594 395 722 456 sich
746 394 891 456 aber
920 396 1076 457 noch
1107 395 1204 457 die
1226 397 1511 457 welteren
1530 396 2262 476 Begrifl'sbestimmungen
2285 397 2392 458 der
2422 471 2440 482 ,

175 485 515 559 quaestio
538 474 678 543 κατ’
706 473 943 560 ἐξοχὴν
953 475 1265 562 (ζήτημα),
1280 481 1336 542 d.
1353 481 1411 543 h.
1429 480 1537 541 der
1558 483 1667 542 mit
1690 481 1797 542 der
1818 486 2150 544 constitutio
2171 499 2394 544 causae

175 568 290 628 sich
336 565 716 646 ergebenden
745 564 1158 644 Fragstellung
1170 562 1242 647 ²¹)
1263 614 1279 637 ,
1324 565 1419 626 die
1458 584 1600 628 man
1644 566 1767 628 also
1796 568 1859 627 in
1890 585 2037 645 ganz
2066 566 2394 629 abstracter

175 652 356 713 Weise
386 651 475 711 als
505 657 683 711 etwas
711 649 1086 711 Besonderes
1115 668 1229 710 von
1259 651 1392 711 dem
1423 658 1634 729 status,
1658 653 1767 712 mit
1796 650 1931 713 dem
1960 653 2047 713 sie
2079 651 2233 712 doch
2266 652 2393 714 aufs

177 743 368 814 engste
399 733 943 813 zusammenhieng,
968 735 1191 795 wieder
1213 734 1444 806 schied;
1478 737 1755 797 zweitens
1779 735 1886 796 der
1906 755 1994 796 ra
2009 740 2112 797 tio
2133 737 2391 817 (αἴτιον)

174 823 244 882 im
275 838 502 900 engern
535 820 683 880 Sinn
700 867 715 890 ,
763 818 820 880 d.
853 819 912 880 h.
946 819 1052 880 des
1079 819 1840 900 Vertheidigungsgrundes
1871 821 1979 883 der
2008 822 2394 900 zugestande-

173 924 278 966 nen
308 901 581 985 That²²);
618 904 873 965 drittens
903 903 1011 964 der
1041 907 1066 965 i
1077 907 1176 966 ud
1186 909 1344 967 icat
1355 908 1421 966 io
1453 901 1931 985 (κρινόμενον),
1955 906 2012 967 d.
2039 904 2098 967 h.
2131 904 2239 966 der
2259 906 2393 967 Kri-

173 989 246 1050 tik
287 990 393 1051 des
437 1009 571 1051 vom
613 988 1157 1068 Angeschuldigten
1197 989 1672 1068 vorgebrachten
1718 989 2395 1070 Vertheidigungsgrnn-

172 1071 382 1152 des²³);
427 1073 552 1136 und
591 1075 850 1135 viertens
890 1073 997 1135 des
1031 1075 1610 1148 firmamentum
1665 1072 2003 1157 (συνέχον,
2046 1078 2394 1154 continens),

174 1159 226 1221 d.
254 1160 312 1221 h.
360 1159 467 1221 des
498 1157 658 1220 Alles
699 1158 1359 1221 zusammenfassenden
1388 1161 1719 1222 strarksten
1751 1160 2070 1239 cigentlich
2101 1162 2396 1222 entschei-

172 1244 394 1304 denden
407 1242 1190 1322 Vertheidigungsbeweises
1204 1241 1275 1326 24)
1292 1263 1306 1313 ;
1330 1279 1400 1289 -
1417 1244 1783 1316 Ausdrncke,
1798 1244 1893 1305 die
1912 1244 2130 1325 jedoch
2153 1264 2266 1306 von
2280 1245 2396 1307 den

170 1327 576 1390 rhetorischen
590 1327 969 1389 Technikern
992 1328 1213 1390 wieder
1234 1329 1375 1390 sehr
1398 1329 1784 1391 verschieden
1815 1329 2034 1408 gelasst
2054 1327 2395 1408 wurden25).

230 1512 320 1580 21)
343 1515 410 1564 de
434 1514 541 1563 inv.
564 1515 584 1562 Ι
606 1512 687 1573 13,
716 1521 765 1564 18
790 1513 1028 1575 Quaestio
1053 1524 1129 1565 est
1153 1529 1230 1578 ea,

169 1597 288 1646 quae
312 1598 377 1633 ex
414 1581 739 1632 conflictione
771 1596 1036 1632 causarum
1061 1584 1227 1648 gigni-

168 1659 241 1700 tur
271 1650 619 1700 controversia
653 1648 751 1699 hoc
783 1650 964 1700 modo:
994 1664 1094 1700 uon
1121 1651 1230 1702 iure

168 1717 345 1768 fecisti:
398 1719 513 1767 iure
559 1717 683 1776 feci3
745 1715 1011 1767 causarum
1057 1729 1227 1768 autem

171 1785 284 1835 haec
309 1792 387 1836 est
413 1785 696 1847 conflictio,
732 1785 785 1833 in
813 1799 913 1846 qua
937 1787 1227 1836 constitutio

170 1863 384 1914 constat3
424 1867 579 1919 exea
601 1853 755 1917 igitur
779 1854 1004 1903 nascitur
1026 1862 1230 1904 contro-

167 1923 341 1984 versia,
353 1936 508 1985 quam
527 1921 875 1984 quaestionem
896 1921 1112 1972 dicimus
1131 1921 1229 1971 hoc

172 1990 344 2040 modo:
380 1991 562 2039 iurene
597 1988 788 2038 fecerit.
849 1988 1021 2049 Quint.
1048 1991 1116 2040 ΙΙΙ
1144 1989 1228 2053 11,

170 2057 268 2107 lff.
324 2057 429 2106 Das
468 2055 773 2106 deutlichste
806 2055 1028 2122 Beispiel
1065 2057 1127 2107 de
1153 2071 1227 2108 or.

169 2125 208 2173 11
232 2122 296 2174 30
311 2161 326 2185 ‚
355 2133 431 2175 132
467 2124 642 2190 (‘quid
661 2125 830 2175 veniat
851 2125 905 2174 in
928 2123 1227 2189 iudicium’).

227 2192 313 2253 22)
337 2193 405 2242 de
426 2193 534 2241 inv.
570 2193 591 2240 1
618 2190 707 2252 13,
736 2200 784 2241 18
817 2192 970 2243 Ratio
996 2200 1075 2242 est
1099 2208 1229 2256 quae

170 2261 382 2310 continet
414 2273 646 2320 causam,
685 2274 817 2322 quae
851 2260 897 2310 si
921 2261 1118 2312 sublata
1142 2261 1228 2319 sit,

172 2328 282 2378 nihil
307 2329 359 2378 in
385 2341 545 2378 causa
569 2329 944 2378 controversiae
967 2329 1227 2393 relinqua-

169 2407 255 2446 tur.
300 2396 454 2446 Rhet.
490 2394 557 2444 ad
580 2395 697 2445 Her.
726 2396 747 2444 I
778 2393 868 2457 16,
893 2405 944 2446 26
976 2398 1103 2447 ratio
1141 2407 1234 2457 est,

169 2479 288 2526 quae
320 2477 529 2513 causam
565 2462 688 2512 facit
735 2470 784 2513 et
808 2464 1034 2514 continet
1059 2464 1236 2514 defen-

167 2532 374 2594 sionem,
395 2557 463 2567 —-
487 2530 598 2579 sine
623 2547 655 2594 q
674 2530 742 2581 ua
764 2546 826 2580 ne
852 2547 1010 2597 parva
1036 2533 1241 2594 quidem

169 2598 406 2650 dubitatio
440 2607 611 2664 potest
673 2601 915 2650 remorari
962 2601 1243 2650 damnatio·

168 2682 294 2717 nem.
352 2665 494 2716 Nach
521 2665 562 2726 Q
581 2666 701 2717 nint.
731 2668 801 2717 111
828 2667 908 2729 11,
932 2676 958 2716 4
980 2669 1137 2733 gieng
1160 2669 1242 2718 die

168 2733 550 2800 Begriffsspaltu
563 2750 633 2799 ng
651 2733 742 2784 der
754 2734 939 2787 rhetor.
959 2735 1242 2786 Techniker

172 2802 296 2852 noch
319 2804 513 2862 weiter,
539 2802 715 2853 indem
732 2804 808 2853 sie
828 2803 958 2854 noch
987 2803 1241 2854 zwischen

172 2868 358 2922 αἴτιον
381 2886 435 2919 u.
463 2865 633 2921 αἰτία
660 2887 708 2922 ιι.
734 2870 928 2923 αἴτιον
961 2864 1020 2935 ἐξ
1047 2868 1240 2924 αἰτίον

172 2937 559 2988 unterschieden
587 2940 773 2989 wissen
796 2939 1017 2989 wollten.

231 3005 322 3071 23)
349 3007 415 3056 de
449 3007 554 3056 inv,
591 3008 614 3056 Ι
651 3005 821 3069 13,,18
860 3007 1118 3059 Iudicatio
1144 3013 1238 3070 est,

172 3088 296 3135 quae
321 3089 387 3124 ex
411 3073 751 3124 infirmatione
785 3083 836 3125 et
858 3075 1241 3126 confirmatione

170 3143 377 3259 ratiptliis
405 3143 634 3193 nascitur
658 3146 1019 3194 controversia.
1069 3143 1239 3203 Quint.

171 3210 234 3259 111
341 3246 356 3271 ,
381 3218 425 3259 4.

233 3277 329 3339 24)
354 3277 420 3327 de
453 3277 556 3330 inv,
595 3279 617 3328 I
653 3278 743 3341 14,
782 3289 832 3329 19
855 3280 1241 3329 Firmamentum

169 3355 242 3395 est
276 3345 571 3395 firmissima
593 3347 965 3411 argumentatio
1000 3346 1239 3397 defenso-

170 3414 237 3463 ris
272 3421 326 3462 et
359 3413 745 3478 appositissima
770 3415 837 3465 ad
863 3414 1239 3465 iudicationem.

172 3479 341 3540 Quint.
371 3481 441 3530 111
472 3480 558 3540 11,
585 3477 908 3548 9·Σννέχον
930 3482 1239 3547 (continens,

170 3547 575 3613 firmamentum)
621 3552 929 3612 quibusdam
964 3551 1015 3600 id
1039 3550 1243 3600 videtur

172 3631 313 3675 esse,
353 3623 473 3682 post
497 3617 636 3678 quod
662 3618 784 3668 nihil
811 3619 1096 3681 quaeritur,
1125 3619 1239 3680 qui-

171 3683 386 3733 busdam
420 3685 472 3734 id
499 3686 636 3746 quod
669 3687 737 3736 ad
759 3687 1125 3737 iudicationem
1151 3686 1237 3736 fir-

171 3752 460 3802 missimum
484 3753 707 3804 affertur.

236 3819 329 3882 25)
353 3820 524 3880 Quint.
547 3821 617 3871 ΙΙΙ
641 3821 719 3883 11,
743 3831 808 3873 18.
832 3850 896 3862 —·
924 3822 992 3872 So
1016 3820 1243 3871 versteht

174 3887 225 3937 d.
251 3887 401 3941 Rhet.
423 3888 491 3937 ad
511 3888 630 3938 Her.
657 3891 679 3938 1
707 3888 793 3951 16,
818 3899 868 3940 26
903 3900 1051 3940 unter
1067 3891 1245 3953 firma-

172 3962 387 4005 mentum
421 3956 520 4005 den
544 3956 915 4022 Widerspruch
948 3972 1115 4022 gegen
1140 3959 1243 4006 den

171 4022 800 4089 Vertheidigungsgrund‚
847 4025 1002 4089 ‘quod
1033 4025 1244 4075 affertur

172 4097 350 4140 contra
371 4091 614 4140 rationem
641 4090 996 4156 defensionis’,
1014 4109 1066 4143 u.
1093 4103 1244 4143 unter

174 4159 421 4211 iudicatio
445 4159 528 4209 die
551 4173 644 4209 aus
671 4160 762 4210 der
785 4161 913 4211 ratio
933 4176 983 4210 u.
1011 4161 1126 4210 dem
1151 4159 1237 4210 flr·

179 4235 488 4277 mamentum
503 4226 611 4276 sich
624 4229 908 4294 ergebende
919 4229 1096 4294 Frage,
1116 4230 1242 4279 iiber

1333 1516 1415 1566 die
1427 1532 1533 1566 nun
1547 1517 1629 1566 die
1641 1514 1846 1565 Richter
1868 1531 1933 1565 zu
1947 1514 2207 1565 entscheid
2215 1530 2275 1565 en
2300 1514 2395 1565 ha-

1334 1585 1456 1634 ben:
1494 1599 1558 1633 ex
1581 1584 1779 1632 ratione
1803 1583 2119 1633 defensionis
2148 1591 2198 1632 et
2222 1598 2287 1632 ex
2310 1582 2397 1633 fir-

1331 1660 1584 1701 mamento
1610 1651 1947 1701 accusationis
1965 1651 2143 1700 iudicii
2168 1651 2399 1714 quaestio

1330 1727 1571 1770 nascatur
1594 1726 1819 1784 oportet3
1845 1734 1993 1782 quam
2021 1732 2115 1768 nos
2134 1718 2399 1768 iudicatio·

1332 1802 1467 1849 nem,
1482 1786 1661 1836 Graeci
1676 1779 2016 1852 κρινόμενον
2025 1786 2317 1851 appellant3
2339 1800 2399 1834 ea

1332 1855 1655 1907 constituitur
1702 1870 1766 1903 ex
1812 1854 2169 1904 coniunctione
2224 1853 2400 1903 firma-

1332 1924 1492 1972 menti
1527 1929 1576 1971 et
1598 1922 1810 1972 rationis
1845 1922 2172 1985 defensione,
2199 1948 2262 1957 --
2289 1923 2399 1972 also

1331 1992 1404 2040 im
1439 1990 1821 2039 Wesentlichen
1854 1990 2142 2050 dasselbe,
2164 2005 2267 2040 was
2308 1991 2401 2039 wir

1333 2061 1457 2109 oben
1487 2059 1563 2108 als
1589 2058 1830 2119 intentio,
1867 2057 2103 2123 depulsio
2127 2073 2178 2108 u.
2206 2058 2400 2108 consti-

1331 2128 1460 2177 tutio
1496 2125 1685 2191 gehabt
1709 2125 1893 2176 haben.
1954 2125 2155 2176 Ebenso
2189 2125 2316 2190 Top.
2353 2141 2397 2175 c.

1330 2194 1413 2252 25,
1450 2202 1502 2244 95
1534 2209 1639 2243 was
1674 2193 1758 2242 die
1782 2193 2020 2244 iudicatio
2060 2192 2269 2243 betrifft:
2307 2192 2401 2242 sed

1334 2276 1467 2324 quac
1526 2276 1593 2310 ex
1651 2269 1787 2311 statu
1847 2261 2103 2311 contentio
2163 2259 2398 2321 efficitur,

1340 2344 1450 2380 eam
1477 2327 1655 2380 Graeci
1678 2320 2016 2395 κρινόμενον
2042 2337 2251 2390 vocant,
2277 2327 2403 2378 mihi

1339 2398 1508 2465 placet
1542 2398 1596 2447 id
1622 2425 1684 2434 —
1721 2414 1821 2463 qua
1844 2399 1908 2448 de
1931 2413 1990 2447 re
2014 2398 2183 2462 ayitur
2213 2397 2401 2446 vocari.

1341 2465 1481 2516 Alles
1505 2466 1643 2528 aber,
1671 2466 1853 2527 quibus
1877 2464 1972 2514 hoc
1998 2468 2118 2525 ‘qua
2140 2465 2203 2513 de
2225 2479 2282 2514 re
2298 2465 2405 2529 agi-

1341 2531 1440 2583 tur’
1469 2535 1783 2592 continetur,
1809 2532 1934 2582 haec
1958 2533 2284 2591 continencia,
2309 2546 2399 2582 vo-

1343 2609 1521 2651 centur
1555 2601 1701 2664 quasi
1728 2603 2044 2664 firmamenta
2076 2599 2403 2663 defensionis,

1343 2670 1533 2732 quibus
1566 2667 1779 2718 sublatis
1811 2668 2041 2717 defensio
2068 2666 2205 2717 nulla
2226 2669 2311 2718 sit.
2338 2694 2404 2703 —

1342 2737 1442 2788 Der
1451 2735 1616 2787 Sache
1630 2734 1759 2785 nach
1779 2735 2405 2799 ganzfibereiustimmend

1342 2806 1435 2854 mit
1459 2805 1576 2855 dem
1600 2802 1746 2853 Rhet.
1772 2803 1839 2853 ad
1862 2803 1979 2853 Her.
2003 2804 2071 2852 ist
2094 2803 2175 2854 Or.
2201 2811 2331 2869 part.
2357 2817 2403 2853 c.

1341 2870 1430 2934 29,
1479 2881 1575 2922 102:
1621 2873 1868 2922 rationem
1912 2870 2229 2937 appellamus
2276 2884 2405 2934 eam,

1341 2954 1473 3005 quae
1507 2939 1727 3004 affertur
1759 2942 1823 2989 ab
1846 2953 1932 2988 reo
1957 2940 2020 2988 ad
2047 2939 2403 3000 recusandum,

1344 3008 1634 3074 depellendi
1670 3007 1897 3057 criminis
1931 3021 2111 3069 causa,
2141 3021 2271 3068 quae
2307 3007 2406 3056 nisi

1344 3084 1506 3136 esset,
1543 3074 1681 3137 quod
1714 3074 2009 3124 defenderet
2043 3088 2145 3123 non
2167 3074 2404 3133 haberet3

1335 3147 1699 3208 firmamentum
1734 3151 1929 3204 autem,
1964 3142 2103 3205 quod
2136 3150 2309 3192 contra
2341 3142 2407 3192 ad

1342 3211 1750 3262 labefactandam
1766 3211 2014 3259 rationem
2033 3209 2270 3267 refertur,
2296 3210 2406 3260 sine

1343 3294 1444 3344 quo
1470 3278 1726 3329 accusatio
1746 3286 1882 3328 stare
1901 3292 2000 3327 non
2025 3285 2209 3342 potest.
2234 3277 2313 3327 Ex
2330 3292 2407 3326 ra-

1341 3348 1497 3398 tionis
1531 3354 1701 3397 autem
1737 3354 1787 3394 et
1811 3360 1875 3395 ex
1898 3345 2205 3394 firmamenti
2228 3345 2404 3394 confli-

1342 3416 1512 3466 ctione
1530 3424 1580 3464 et
1601 3414 1750 3477 quasi
1767 3428 2017 3463 concursu
2036 3413 2266 3474 quaestio
2285 3426 2410 3463 exo-

1342 3485 1470 3534 ritur
1494 3482 1769 3545 quaedam,
1807 3496 1956 3544 quam
1988 3481 2409 3544 disceptationem

1342 3566 1499 3613 voco,
1532 3552 1586 3599 in
1622 3564 1721 3612 qua
1746 3549 1869 3612 quid
1892 3548 2062 3597 veniat
2084 3548 2136 3596 in
2159 3547 2407 3597 iudicium

1345 3628 1394 3668 et
1419 3619 1484 3668 de
1508 3632 1607 3681 quo
1634 3617 1945 3681 disceptetur
1968 3615 2146 3678 quaeri
2168 3615 2315 3665 solet.
2340 3640 2409 3650 —-

1342 3686 1446 3737 Das
1470 3683 1818 3751 gewtihnliche
1844 3699 1933 3733 zur
1958 3683 2296 3747 Erlz‘iuterung
2318 3682 2410 3731 der

1343 3753 1677 3818 angeffihrten
1705 3751 1923 3816 Begriffe
1947 3752 2207 3817 gegebene
2230 3749 2409 3800 Schul-

1344 3822 1556 3887 beispiel
1592 3835 1695 3871 war
1729 3819 2019 3885 folgendes:
2072 3819 2274 3870 Orestes
2321 3816 2409 3867 hat

1344 3890 1489 3939 scine
1529 3890 1713 3939 Mutter
1744 3888 1995 3953 getiidtett
2041 3888 2295 3952 quaestio:
2345 3886 2408 3936 ob

1345 3958 1438 4006 mit
1470 3956 1656 4016 Recht3
1691 3958 1863 4007 ratio:
1895 3955 1988 4005 mit
2018 3952 2206 4013 Recht,
2244 3953 2405 4006 deun

1343 4024 1718 4089 Clytfimnestra
1759 4023 1897 4073 hatte
1929 4023 2107 4072 seinen
2139 4022 2295 4072 Vater
2327 4036 2410 4072 er—

1345 4093 1570 4152 mordet;
1596 4093 1867 4143 iudicatio:
1894 4091 1959 4140 ob
1985 4089 2209 4141 deshal
2229 4092 2259 4140 b
2285 4090 2410 4141 Ore-

1342 4169 1448 4211 stes
1474 4161 1619 4209 seine
1629 4159 1813 4208 Mutter
1829 4161 2005 4210 tddten
2026 4158 2218 4218 durfte3
2238 4160 2411 4222 firma-

1339 4234 1582 4279 mentum.-
1612 4227 1694 4290 ja,
1729 4227 1842 4277 weil
1878 4227 1963 4277 die
1995 4227 2175 4277 Mutter
2210 4225 2319 4276 sich
2343 4240 2410 4275 an
