2930 4693
1043 215 1142 276 DE
1171 212 1529 276 ORATORE
1556 213 1583 274 1
1611 214 1714 274 45.
1748 220 1867 272 199.
2488 216 2573 279 69

342 385 575 445 civitate
615 389 822 444 contra
852 381 1251 463 amplissimus
1278 384 1527 464 quisque
1558 389 1618 444 et
1647 381 2010 444 clarissimus
2038 382 2128 442 vir
2142 429 2158 452 ‚
2199 389 2266 441 ut
2290 379 2392 441 ille
2408 428 2425 451 ,
2470 381 2574 460 qni

338 475 586 550 propter
634 469 791 529 banc
828 469 977 529 iuris
1020 467 1205 528 civilis
1245 469 1555 529 seientiam
1596 468 1683 528 sic
1718 465 2045 548 appellatus
2073 484 2107 527 a
2137 483 2368 526 summo
2396 469 2575 544 poeta

341 560 458 614 est:

687 638 942 717 Egregie
973 637 1251 699 cordatus
1281 639 1461 699 homo
1476 685 1493 708 ,
1527 643 1693 698 catus
1720 635 1920 698 Aelius
1949 637 2182 706 SextuS,

339 722 625 802 multique
653 729 993 802 praeterea,
1039 724 1141 803 qui
1154 771 1170 794 ‚
1214 740 1352 784 cum
1390 723 1633 800 ingenio
1663 720 1777 782 sibi
1806 721 2153 799 dignitatem
2183 720 2572 800 peperissent,

291 866 297 871 .
338 807 746 887 perfecerunt,
790 815 857 868 ut
897 809 963 868 in
991 806 1410 887 respondendo
1438 809 1570 868 iure
1600 807 1949 868 auctoritate
1977 804 2112 886 plus
2141 806 2352 873 etiam,
2395 821 2573 883 quam

338 895 468 972 ipso
522 894 763 972 ingenio
813 891 1095 954 valerent.
1170 892 1476 953 Senectuti
1524 909 1665 952 vero
1717 889 2108 952 celebrandae
2158 896 2218 950 et
2268 888 2571 950 ornandae
2605 897 2709 950 199

340 977 498 1057 quod
547 978 857 1039 honestius
895 984 1092 1056 potest
1132 995 1262 1037 esse
1299 977 1671 1057 perfugium,
1726 993 1902 1055 quam
1945 977 2094 1036 iuris
2120 973 2572 1054 interpretatio?

340 1062 628 1142 Equidem
671 1062 819 1122 mihi
860 1062 975 1123 hoc
1004 1059 1331 1122 subsidium
1360 1062 1480 1123 iam
1509 1060 1650 1121 inde
1680 1060 1755 1121 ab
1785 1059 2184 1121 adulescentia
2215 1059 2571 1139 comparavi,

340 1165 460 1206 non
490 1146 679 1207 solum
713 1146 787 1207 ad
817 1164 1130 1208 causarum
1156 1165 1330 1208 usum
1360 1146 1692 1216 forensem,
1741 1144 1847 1206 sed
1876 1146 2052 1205 etiam
2083 1143 2159 1206 ad
2189 1143 2370 1204 decus
2397 1151 2574 1223 atque

340 1239 756 1292 ornamentum
787 1233 1136 1302 senectutiS‚
1178 1238 1269 1302 ut,
1314 1248 1450 1291 cum
1481 1249 1578 1291 me
1607 1232 1792 1301 vires,
1836 1229 1995 1309 quod
2024 1230 2151 1289 fere
2191 1230 2312 1289 iam
2340 1235 2575 1308 tempus

341 1317 645 1386 adventat,
678 1316 932 1376 deficere
962 1317 1327 1395 coepissent,
1359 1316 1470 1375 ista
1501 1314 1576 1376 ab
1606 1314 1922 1376 solitudine
1953 1313 2194 1375 domum
2223 1330 2417 1373 meam
2446 1312 2574 1372 'vin-

344 1400 623 1461 diearem.
670 1401 822 1472 Quid
843 1407 933 1461 est
955 1402 1115 1461 enim
1142 1399 1529 1480 praeclariuS,
1561 1418 1738 1479 quam
1750 1398 2079 1460 honoribus
2096 1405 2156 1459 et
2183 1399 2274 1457 rei
2301 1396 2575 1475 publicae

343 1485 689 1546 muneribus
716 1485 1094 1565 perfunctum
1137 1503 1342 1545 senem
1369 1502 1546 1563 posse
1593 1503 1700 1545 suo
1738 1485 1871 1544 iure
1913 1483 2112 1544 dicere
2163 1481 2322 1542 idem
2345 1528 2361 1549 ,
2415 1480 2575 1560 quod

343 1571 500 1650 apud
529 1571 786 1631 Ennium
820 1566 1020 1653 [dicat]
1051 1567 1153 1629 ille
1181 1569 1427 1648 Pythius
1447 1567 1690 1648 Apollo,
1733 1586 1798 1628 se
1830 1585 1958 1628 esse
1990 1585 2154 1636 eum,
2189 1570 2208 1600 ³
2226 1565 2385 1626 unde
2416 1564 2572 1634 sibi’,

342 1657 392 1714 si
423 1673 553 1729 non,
576 1653 805 1734 ‘populi
833 1660 893 1714 et
921 1659 1140 1733 reges',
1171 1660 1231 1714 at
1259 1670 1468 1713 omnes
1497 1654 1590 1715 sui
1620 1655 1777 1713 cives
1808 1650 2144 1713 ‘consilium
2175 1652 2496 1729 expetant'‚

648 1739 1027 1800 Summarum
1058 1756 1263 1798 rerum
1291 1737 1538 1807 incerti,
1569 1755 1719 1817 quos
1749 1755 1860 1817 ego
1888 1738 2002 1816 ope
2032 1754 2167 1797 mea

647 1842 719 1884 ex
747 1824 995 1884 incertis
1025 1830 1222 1884 certos
1252 1823 1674 1902 compotesque
1705 1820 1915 1883 consili

649 1909 913 1979 dimitto,
946 1914 1014 1968 ut
1042 1926 1119 1969 ne
1148 1926 1248 1969 res
1276 1906 1506 1968 temere
1537 1913 1794 1968 tractent
1824 1906 2109 1968 turbidas.

345 2092 611 2160 handlung
635 2096 733 2145 den
758 2094 990 2144 Parteien
1016 2109 1181 2160 gegeu
1208 2093 1408 2144 Bezab-

341 2164 466 2228 lung
492 2180 556 2213 zu
579 2162 754 2212 lieferu
772 2199 785 2222 ,
811 2159 843 2228 S
867 2160 985 2213 253.

409 2234 462 2281 in
486 2239 664 2282 nostra
688 2233 890 2282 civitate
914 2241 1011 2280 etc.
1046 2230 1141 2279 wie
1176 2229 1240 2279 de
1263 2231 1364 2296 leg.
1386 2231 1409 2279 1

341 2300 394 2362 4,
421 2309 469 2349 14
492 2314 721 2350 summos
747 2299 907 2349 fuisse
928 2290 983 2349 in
1009 2298 1213 2356 ciuitate
1238 2307 1412 2348 nostra

341 2371 506 2428 viros,
548 2369 639 2433 qui
677 2369 731 2417 id
773 2366 873 2432 (sc.
905 2368 986 2418 ius
1021 2365 1196 2431 civile)
1250 2367 1410 2417 inter-

341 2438 530 2501 pretari
569 2435 761 2503 populo
799 2448 849 2485 et
880 2436 1227 2501 responsitare
1272 2434 1411 2485 soliti

343 2505 465 2555 sint.

410 2590 444 2621 a
476 2587 660 2622 summo
688 2575 875 2636 poe‘ta,
911 2570 1135 2622 nfimlich
1168 2585 1269 2620 von
1306 2569 1412 2618 En-

343 2641 459 2690 nius
507 2642 558 2689 in
607 2640 785 2689 seinen
816 2640 1071 2689 Annalen.
1141 2638 1241 2687 Der
1281 2638 1412 2686 Vers

343 2709 538 2757 kommt
559 2706 691 2757 auch
714 2716 860 2757 sonst
882 2708 967 2757 bei
992 2706 1099 2757 Cic.
1122 2720 1239 2768 vor,
1278 2722 1326 2755 z.
1351 2703 1409 2754 Β.

275 2833 281 2837 ,
342 2777 497 2825 Tusc.
526 2777 547 2825 Ι
570 2772 631 2835 9,
658 2783 710 2825 18
741 2773 864 2840 (zur
887 2774 1175 2838 Erkliirung
1199 2788 1297 2823 von
1326 2787 1412 2822 cor

341 2843 684 2907 :animus).
737 2844 801 2892 de
836 2857 944 2908 rep.
988 2842 1009 2890 Ι
1046 2839 1127 2891 18.
1184 2841 1411 2905 Ερνερίε

343 2913 615 2971 cordatus,
654 2912 799 2961 ‘bene
824 2911 1127 2973 animatus',
1168 2909 1272 2959 ‘die
1297 2909 1410 2958 edle

344 2981 526 3032 Seele’.

411 3055 556 3098 calm·
587 3046 729 3096 leitet
760 3046 921 3102 Varro
957 3046 990 3096 l.
1026 3045 1063 3099 l.
1099 3042 1284 3096 V1146
1317 3059 1410 3094 aus

344 3118 462 3167 dem
496 3114 831 3166 Sabinischen
864 3114 957 3163 her
989 3114 1097 3164 und
1118 3112 1227 3163 halt
1252 3128 1306 3163 es
1332 3112 1413 3162 fur

343 3182 801 3250 gleiehbedeutend
833 3183 926 3232 mit
969 3195 1177 3243 acutus,
1230 3182 1413 3231 sodass

343 3254 453 3304 also
471 3251 585 3301 hier
601 3252 693 3301 der
717 3250 1119 3315 ‘scharfsinnige’
1139 3250 1300 3300 Jurist
1318 3249 1411 3300 da-

343 3322 436 3371 mit
459 3319 865 3369 charakterisiert
887 3319 1029 3368 wird.

412 3405 620 3464 Aelius,
645 3402 964 3468 gesprochen
983 3403 1188 3452 ‘Aeliu'.
1224 3402 1308 3452 Or.
1328 3400 1413 3460 48,

344 3483 418 3524 161
443 3473 577 3534 Quin
601 3473 771 3531 etiam,
792 3470 1048 3533 quodiam
1072 3471 1414 3521 subrusticum

342 3542 568 3603 videtur,
615 3540 735 3590 olim
766 3547 937 3588 autem
962 3539 1195 3603 politius,
1239 3552 1412 3588 eorum

346 3610 646 3669 verborum,
683 3621 901 3674 quorum
936 3606 1118 3656 eadem
1154 3613 1294 3655 erant
1316 3619 1413 3670 po-

346 3688 565 3727 stremae
600 3677 733 3726 duae
766 3675 987 3734 litterae,
1034 3688 1165 3737 quae
1204 3681 1327 3723 sunt
1360 3673 1412 3721 in

350 3743 1166 3811 ‘optimus’,postremamjitteram
1182 3739 1413 3791 detrahe-

347 3815 497 3874 bant,
535 3813 634 3862 nisi
668 3811 859 3861 vocalis
882 3811 1265 3873 insequebatur.
1337 3810 1413 3858 Ita

345 3896 448 3930 non
475 3889 584 3930 erat
607 3893 665 3928 ea
683 3879 899 3929 offensio
917 3879 968 3928 in
993 3878 1245 3942 versibus,
1262 3890 1412 3938 quam

346 3964 481 3998 nunc
507 3948 708 4013 fugiunt
727 3954 909 4012 poetae
928 3948 1066 3997 novi.
1091 3949 1170 3997 lta
1186 3946 1322 3995 enim
1343 3944 1413 3994 lo·

348 4017 655 4078 quebamur:
683 4015 787 4076 ‘qui
806 4022 886 4063 est
902 4012 1129 4065 omuibu'
1156 4014 1413 4079 princeps’

347 4099 448 4134 non
476 4085 730 4133 ‘omnibus
755 4083 1029 4148 princeps'.
1056 4079 1415 4147 (Ekthlipsis.)

414 4154 616 4216 inqenio
640 4167 682 4202 s.
707 4152 823 4201 krit.
849 4149 1085 4214 Anhang.

413 4223 467 4271 in
489 4220 876 4285 respondenda,
900 4219 933 4281 S
956 4217 1075 4274 212.

1581 2103 1674 2145 199.
1701 2093 1977 2145 Senectuti.
2006 2092 2075 2143 So
2089 2092 2190 2144 Cic.
2217 2090 2579 2155 iuBeziehuug

1511 2161 1605 2211 auf
1625 2161 1738 2212 sich
1760 2162 1922 2212 selbst
1945 2162 2009 2210 de
2033 2162 2131 2225 leg.
2155 2161 2178 2210 Ι
2200 2158 2262 2222 3,
2284 2169 2311 2208 4
2337 2174 2431 2224 ego
2457 2173 2577 2209 vero

1511 2229 1697 2280 aetatis
1730 2231 1904 2296 potius
1937 2229 2191 2278 vacationi
2238 2227 2575 2289 confidebam,

1512 2312 1630 2349 cum
1654 2298 1955 2364 praesertim
1980 2310 2081 2345 nou
2107 2309 2422 2364 recusarem,
2449 2308 2579 2359 quo—

1512 2367 1699 2429 minus,
1716 2380 1856 2417 more
1866 2366 2028 2430 patrio
2039 2367 2226 2416 sedens
2244 2367 2298 2415 iu
2314 2366 2444 2415 solio
2454 2378 2580 2413 con-

1513 2434 1797 2485 sulentibus
1809 2434 2186 2499 responderem,
2200 2433 2581 2493 senectutisque

1514 2516 1618 2551 non
1651 2503 1829 2552 inertis
1865 2511 2008 2567 grato
2043 2509 2194 2564 atque
2217 2500 2434 2551 honesto
2459 2500 2579 2549 fun—

1514 2584 1663 2634 gerer
1684 2585 1912 2620 munere.

1573 2638 1832 2702 quodfere
1844 2640 1942 2687 iam
1954 2644 2146 2702 tempus
2157 2637 2399 2686 adventat
2416 2662 2475 2668 -ν-
2492 2636 2583 2685 ob-

1514 2705 1612 2753 wol
1637 2715 1739 2755 erst
1761 2702 1830 2755 49
1853 2705 1902 2758 J.
1925 2705 1994 2754 alt
2017 2703 2226 2754 rechnet
2247 2702 2358 2753 sich
2370 2702 2581 2753 Crassus

1515 2771 1646 2822 doeh
1671 2772 1830 2823 sehon
1856 2789 1923 2822 zu
1945 2772 2044 2823 den
2070 2786 2249 2832 seam,
2277 2772 2322 2821 11
2346 2771 2407 2835 4,
2433 2779 2499 2820 15.

1581 2859 1724 2922 apud
1730 2857 1964 2907 Ennium.
1974 2856 2077 2906 Das
2088 2857 2361 2921 Fragment
2372 2856 2445 2920 (iu
2456 2857 2583 2904 iam·

1513 2925 1725 2976 bischen
1751 2924 2002 2988 Senaren)
2026 2925 2094 2974 ist
2116 2940 2212 2975 aus
2237 2925 2377 2974 einer
2387 2925 2582 2989 Trago-

1515 2995 1600 3043 die
1623 2992 1713 3043 des
1738 2993 1949 3054 Ennius,
1974 2993 2103 3058 nael]
2122 2994 2347 3043 Ribbeck
2365 3007 2461 3042 aus
2482 2994 2581 3041 deu

1516 3061 1847 3112 Eumeniden.

1516 3163 1517 3166 =
1584 3131 1725 3180 dicat
1748 3145 1794 3181 s.
1823 3130 1941 3179 krit.
1966 3128 2206 3194 Anhang.

1585 3216 1800 3280 Pythius
1823 3215 2015 3279 Apollo
2040 3242 2103 3250 —
2127 3213 2196 3263 So
2221 3216 2273 3262 in
2309 3215 2400 3264 der
2421 3212 2580 3277 Rege-l

1517 3284 1598 3333 bei
1612 3283 1744 3333 Cic.:
1772 3283 1861 3331 der
1885 3283 1937 3330 iu
1948 3281 2131 3345 Delphi
2149 3281 2329 3331 Orakel
2349 3281 2583 3345 gebende

1519 3349 1662 3409 Gott,
1690 3353 1755 3400 de
1780 3350 1864 3398 off.
1897 3351 1941 3398 ll
1964 3349 2057 3412 22,
2084 3358 2133 3397 77
2160 3347 2584 3456 Apolbl'ythius

1519 3419 1780 3468 oraculum
1805 3417 1982 3468 edidit.

1587 3502 1918 3560 Summarum,
1963 3502 2060 3550 wie
2109 3502 2192 3551 (lie
2232 3500 2447 3550 meisten
2493 3499 2582 3548 Hs.

1517 3570 1668 3632 (auch
1708 3571 1797 3620 der
1827 3570 1930 3621 Eri.
1956 3570 2065 3632 Ib.)
2111 3568 2303 3630 haben,
2351 3568 2585 3616 verdient

1518 3639 1616 3688 den
1664 3640 1876 3703 Vorzug
1923 3652 2014 3687 vor
2068 3637 2156 3686 der
2221 3637 2413 3686 andern
2459 3635 2581 3683 Les-

1516 3714 1595 3755 art
1617 3721 1843 3756 suarum.
1879 3704 2009 3755 Statt
2034 3705 2125 3754 des
2150 3702 2581 3755 herkiimmlicben

1518 3790 1583 3823 ex
1607 3776 1674 3823 ist
1704 3788 1806 3823 von
1831 3774 2062 3823 Ribbeck
2096 3774 2185 3822 des
2216 3773 2453 3821 Meti-unns
2480 3785 2578 3818 we-

1517 3857 1617 3906 gen
1642 3856 1733 3909 pro
1758 3850 1958 3907 gesetzt
1982 3842 2204 3891 worden.

1585 3935 1771 3978 temere
1785 3934 2007 3977 tractent
2017 3926 2263 3981 turbidas,
2285 3925 2334 3973 in
2356 3922 2580 3973 absicht·

1516 3994 1674 4045 licher
1696 3995 2037 4059 Anwendung
2062 3994 2152 4043 der
2177 3992 2513 4041 Alliteration.

1586 4080 1834 4140 turbidas,
1848 4080 1933 4131 die
1942 4079 2051 4129 also
2063 4094 2238 4143 wegen
2252 4080 2342 4128 der
2355 4076 2578 4127 Schwie-

1516 4149 1725 4211 rigkeit,
1762 4147 2040 4199 sichxdarin
2068 4147 2276 4197 zureclit
2301 4162 2363 4195 zu
2389 4144 2579 4203 finden,

1517 4217 1608 4266 der
1630 4215 1907 4280 gottlichen
1930 4216 2185 4280 Weisung
2208 4215 2492 4267 bedurften.
