2930 4693
414 222 537 287 118
1064 215 1163 278 DE
1193 214 1551 280 ORATORE
1579 214 1630 277 ll
1679 215 1779 276 15.
1809 220 2053 275 63--65.

414 385 631 448 storia?
697 383 867 448 Haud
916 385 1041 446 scio
1092 401 1168 446 an
1218 384 1461 447 flumine
1515 384 1801 446 orationis
1840 391 1903 445 et
1953 385 2238 446 varietate
2289 387 2641 455 maximum;

415 489 607 552 neque
648 488 777 532 eam
820 470 1056 549 reperio
1094 487 1343 549 usquam
1385 469 1702 549 separatim
1746 469 2099 530 instructam
2131 470 2444 532 rhetorum
2473 488 2644 551 prae-

416 557 636 637 ceptis;
674 557 784 617 sita
825 563 963 617 sunt
1004 555 1163 615 enim
1208 561 1344 615 ante
1380 552 1614 623 oculos;
1667 570 1805 614 nam
1846 554 1980 634 quis
2009 556 2200 615 nescit
2228 556 2485 634 primam
2517 573 2642 617 esse

414 642 696 702 historiae
736 639 960 720 legem,
1006 657 1083 699 ne
1111 638 1253 718 quid
1281 636 1416 699 falsi
1444 636 1647 699 dicere
1687 638 1935 699 audeat?
1983 637 2200 700 deinde
2238 657 2316 700 ne
2346 640 2489 720 quid
2518 642 2640 700 veri
2679 692 2687 699 .

414 744 535 787 non
576 724 822 788 audeat?
872 743 949 786 ne
989 741 1140 803 quae
1181 723 1437 803 suspicio
1481 723 1706 802 gratiae
1746 724 1824 784 sit
1859 724 1923 783 in
1953 722 2310 786 scribendo?
2369 743 2447 785 ne
2489 743 2640 805 quae

315 818 385 871 63
414 809 760 871 simultatis?
828 809 987 871 Haec
1039 806 1267 869 scilicet
1314 806 1697 869 fundamenta
1750 815 1888 868 nota
1947 815 2086 868 sunt
2136 807 2431 870 omnibus
2514 810 2642 888 Ipsa

415 902 613 956 autem
641 893 1042 956 exaedificatio
1071 894 1258 972 posita
1291 899 1381 953 est
1419 894 1483 953 in
1513 891 1693 953 rebus
1722 898 1782 953 et
1808 892 2024 953 verbis.
2086 892 2309 955 Rerum
2349 895 2503 955 ratio
2547 912 2646 954 or-

416 979 615 1041 dinem
643 987 978 1059 temporum
1010 976 1332 1047 desiderat,
1380 978 1690 1055 regionum
1739 975 2231 1056 descriptionem;
2284 977 2411 1039 vult
2451 980 2644 1049 etiam,

416 1065 694 1145 quoniam
743 1064 808 1123 in
857 1061 1037 1123 rebus
1085 1063 1318 1140 magnis
1367 1062 1772 1141 memoriaque
1824 1061 2019 1140 dignis
2065 1062 2312 1124 consilia
2364 1065 2643 1143 primum,

417 1147 631 1209 deinde
660 1154 816 1218 acta,
847 1154 1052 1227 postea
1081 1152 1328 1209 eventus
1356 1153 1802 1225 exspectentur,
1840 1156 1901 1206 et
1930 1146 2003 1207 de
2034 1146 2298 1208 consiliis
2326 1149 2648 1225 significari

415 1231 556 1313 quid
587 1233 843 1312 scriptor
871 1229 1114 1312 probet,
1159 1233 1311 1292 etin
1338 1228 1522 1292 rebus
1562 1232 1742 1309 gestis
1771 1230 2063 1292 declarari
2106 1249 2229 1292 non
2271 1230 2464 1294 solum
2506 1232 2646 1312 quid

416 1324 613 1378 actum
642 1323 744 1378 aut
774 1317 997 1378 dictum
1026 1318 1129 1387 sit,
1162 1316 1265 1378 sed
1298 1316 1475 1377 etiam
1504 1314 1832 1394 quomodo;
1879 1322 1940 1376 et
1968 1334 2105 1377 cum
2135 1316 2210 1376 de
2241 1325 2458 1378 eventu
2488 1317 2648 1377 dica-

416 1410 532 1472 tur,
566 1409 633 1463 ut
661 1404 871 1463 causae
902 1400 1270 1482 explicentur
1300 1418 1508 1462 omnes
1535 1398 1627 1460 vel
1659 1417 1829 1461 casus
1858 1398 1948 1459 vel
1980 1401 2306 1479 sapientiae
2337 1401 2428 1462 vel
2461 1409 2645 1462 teme-

414 1487 605 1548 ritatis
633 1487 1057 1567 hominumque
1086 1488 1352 1565 ipsorum
1383 1502 1501 1545 non
1532 1483 1723 1546 solum
1752 1501 1852 1545 res
1881 1492 2111 1562 gestae,
2155 1484 2262 1546 sed
2293 1487 2473 1546 etiam
2490 1533 2505 1557 ,
2548 1487 2650 1565 qui

315 1578 385 1630 64
414 1571 570 1632 sama
598 1590 669 1634 ac
696 1573 938 1633 nomine
966 1569 1286 1641 excellant,
1332 1570 1405 1631 de
1437 1570 1720 1651 cuiusque
1750 1569 1865 1630 vita
1906 1575 2083 1649 atque
2128 1577 2359 1631 natura.
2418 1569 2646 1633 Verbo-

415 1675 548 1718 rum
579 1665 774 1719 autem
806 1657 956 1718 ratio
998 1664 1058 1717 et
1098 1673 1286 1735 genus
1326 1655 1610 1716 orationis
1650 1653 1845 1715 fusum
1888 1661 2064 1732 atque
2107 1661 2364 1715 tractum
2409 1663 2469 1715 et
2511 1673 2647 1717 cum

415 1740 656 1803 lenitate
688 1741 940 1822 quadam
970 1739 1269 1821 aequabili
1292 1739 1596 1820 profluens
1635 1740 1764 1799 sine
1805 1737 1918 1798 hac
1947 1737 2210 1799 iudiciali
2238 1741 2557 1818 asperitate
2588 1747 2650 1799 et

415 1827 544 1886 sine
584 1827 1008 1887 sententiarum
1052 1824 1389 1886 forensibus
1439 1823 1660 1885 aculeis
1708 1822 2184 1903 persequendum
2229 1833 2336 1885 est.
2423 1824 2648 1885 Harum
2758 1867 2763 1871 -

414 1904 503 1970 tot
531 1917 946 1989 tantarumque
976 1927 1179 1971 rerum
1207 1908 1494 1970 videtisne
1522 1907 1643 1969 ulla
1680 1925 1809 1970 esse
1838 1916 2183 1989 praecepta,
2229 1926 2382 1988 quae
2410 1910 2475 1969 in
2505 1910 2648 1970 arti-

415 1993 527 2054 bus
552 1993 860 2053 rhetorum
889 1994 1303 2072 reperiantur?

402 2104 407 2109 ·
586 2078 653 2138 In
683 2076 894 2139 eodem
924 2076 1157 2139 silentio
1200 2077 1385 2139 multa
1431 2076 1544 2138 alia
1585 2085 1888 2139 oratorum
1932 2076 2124 2139 officia
2166 2079 2500 2149 iacuerunt,
2548 2096 2649 2139 co-

416 2163 812 2234 hortationeS‚
858 2161 1317 2234 consolationes,
1359 2170 1708 2244 praecepta,
1755 2163 2084 2232 admonita;
2140 2180 2292 2243 quae
2340 2162 2648 2223 tractanda

414 2256 555 2309 sunt
584 2250 780 2309 omnia
812 2246 1223 2319 disertissime,
1265 2246 1371 2310 sed
1400 2246 1597 2310 locum
1628 2266 1799 2309 suum
1827 2248 1891 2307 in
1921 2247 2014 2308 his
2044 2247 2298 2319 artibuS,
2344 2266 2496 2328 quae
2528 2254 2647 2308 tra-

418 2333 573 2395 ditae
603 2340 768 2404 sunt,
808 2330 1032 2395 habent
1060 2332 1305 2396 nullum.

319 2424 389 2475 65
585 2419 774 2498 Atque
802 2418 865 2478 in
895 2419 1010 2479 hoc
1039 2436 1260 2497 genere
1300 2417 1400 2478 illa
1441 2436 1676 2498 quoque
1718 2424 1808 2478 est
1850 2418 2078 2478 infinita
2107 2417 2279 2488 silva,
2323 2418 2483 2498 quod
2513 2436 2648 2479 ora-

421 2504 535 2564 tori
574 2502 870 2584 plerique,
907 2510 973 2564 ut
1001 2504 1179 2564 etiam
1211 2504 1456 2566 Crassus
1487 2500 1770 2574 ostendit,
1814 2502 1931 2563 duo
1962 2520 2182 2581 genera
2213 2501 2285 2563 ad
2329 2503 2645 2565 dicendum

419 2587 739 2660 dederunt;
781 2606 967 2651 unum
998 2588 1071 2650 de
1102 2594 1264 2650 certa
1294 2586 1650 2668 definitaque
1693 2604 1898 2659 causa,
1947 2586 2152 2667 quales
2193 2594 2360 2658 sunt,
2405 2606 2555 2668 quae
2584 2589 2648 2648 in

419 2808 540 2858 dass
563 2823 679 2857 man
702 2808 905 2858 meinen
925 2808 1088 2870 sollte,
1101 2808 1184 2858 die
1194 2807 1482 2859 Vorschrif-

417 2884 502 2925 ten
527 2874 740 2925 darfiber
762 2878 994 2925 miissten
1023 2876 1173 2925 einen
1198 2877 1482 2927 notwendi-

418 2957 518 3007 gen
540 2940 686 2992 Theil
719 2943 808 2992 der
830 2941 1016 2992 rhetor.
1042 2941 1255 2993 Theorie
1289 2945 1481 2995 bilden.

484 3025 647 3075 neque
672 3036 736 3046 -
761 3010 845 3060 die
853 3009 1197 3074 Vulgatlesart
1220 3025 1385 3074 neque
1408 3020 1483 3062 ta-

419 3093 536 3129 men
560 3092 671 3127 eam
703 3076 898 3128 enthfilt
921 3077 1006 3127 die
1033 3076 1335 3144 Erklfirung.
1375 3079 1480 3128 Da-

418 3145 508 3195 her
531 3145 724 3211 spricht
745 3146 809 3196 A.
834 3146 928 3196 das
955 3144 1196 3211 folgende
1229 3146 1328 3197 sita
1360 3155 1483 3199 sunt

420 3222 513 3264 etc.
540 3228 632 3264 aus
658 3214 748 3264 der
772 3212 918 3264 Seele
942 3213 1033 3264 der
1055 3212 1372 3277 Rhetoriker,
1398 3216 1481 3266 die

418 3282 530 3331 sich
564 3282 724 3333 damit
756 3298 821 3332 zu
863 3280 1222 3348 rechtfertigen
1255 3282 1479 3333 suchen:

416 3350 613 3400 freilich
669 3350 752 3401 die
797 3364 920 3415 paar
966 3350 1482 3401 Fundamentalsfitze

415 3420 568 3470 weiss
606 3418 778 3484 jeder;
825 3419 917 3468 mit
963 3418 1060 3468 den
1106 3420 1342 3468 weiteren
1377 3416 1480 3467 Ge-

418 3496 589 3536 setzen
639 3487 730 3537 der
775 3483 1114 3537 historischen
1157 3486 1483 3551 Darstellung

417 3554 542 3602 aber
573 3555 641 3603 ist
671 3569 726 3604 es
751 3562 907 3605 etwas
931 3553 1173 3616 anderes,
1208 3554 1292 3605 die
1313 3554 1480 3620 liegen

418 3620 549 3672 doch
575 3620 711 3670 nicht
734 3635 792 3670 so
817 3620 911 3671 auf
930 3621 1020 3672 der
1041 3622 1206 3673 Hand.
1386 3657 1389 3660 -

484 3689 615 3739 Nam
640 3695 734 3738 etc.
759 3689 822 3738 A.
842 3690 950 3753 gibt
973 3690 1043 3740 im
1065 3688 1341 3755 folgenden
1367 3689 1481 3739 eine

418 3756 575 3808 kurze
616 3756 996 3821 Methodoloyie
1043 3758 1131 3808 der
1180 3755 1481 3809 Geschicht-

417 3824 750 3890 schreibung:
779 3825 802 3874 1
823 3824 908 3873 die
922 3822 1306 3890 Grundgesetze
1329 3824 1482 3875 lidie

417 3891 778 3958 Ausfiihrung:
817 3890 870 3953 1)
894 3892 979 3942 die
1011 3892 1291 3943 materielle
1315 3891 1501 3943 Seite:‘

416 3957 473 4022 a)
541 3958 877 4026 chronologie
994 3958 1051 4025 b)
1124 3958 1482 4026 Topographie

417 4024 472 4090 e)
497 4027 809 4092 Pragmatik.
858 4023 919 4092 2)
955 4026 1038 4078 die
1069 4028 1300 4079 formelle
1324 4027 1481 4080 Seite.

483 4097 701 4156 gratiae,
725 4094 1057 4158 parteiischer
1069 4095 1303 4146 Vorliebe
1315 4113 1367 4146 u.
1380 4095 1482 4145 Be-

417 4160 748 4222 giinstigung.
816 4163 1109 4226 eimzdtatis,
1151 4162 1483 4226 parteiischer

418 4222 727 4275 Gereiztbeit
754 4241 806 4275 u.
833 4226 1177 4277 Feiudschaft.

1651 2815 1718 2859 63.
1755 2808 2116 2871 exaedificatio
2160 2808 2228 2856 im
2262 2807 2548 2859 Anschluss
2583 2824 2651 2859 an

1584 2876 1676 2927 das
1699 2874 1949 2942 gewz'ihlte
1971 2875 2085 2926 Bild
2107 2873 2516 2942 (fundamenta).

1650 2986 1717 3028 64.
1761 2978 1929 3040 fusum
1952 2984 2105 3043 atque
2129 2984 2359 3039 tractum,
2391 2975 2425 3043 S
2449 2976 2565 3043 159,
2595 2980 2649 3027 in

1585 3045 1749 3095 einem
1772 3038 1906 3096 Guss
1929 3062 1981 3096 u.
2010 3046 2136 3111 Zug.

1649 3165 1857 3215 lenitate
1880 3164 1950 3213 im
1969 3162 2253 3229 Gegensatz
2280 3179 2345 3213 zu
2364 3165 2647 3215 senteutia-

1581 3248 1691 3282 rum
1709 3232 1950 3295 forenses
1979 3234 2169 3282 aculei:
2202 3246 2290 3281 um
2325 3231 2410 3282 die
2443 3231 2652 3286 Richter

1550 3329 1563 3338 -
1585 3315 1650 3348 zu
1684 3300 2030 3360 bestimmen,··
2063 3300 2182 3350 sind
2220 3299 2395 3349 scharf
2424 3299 2650 3349 eindrin-

1581 3367 1748 3432 gende
1772 3367 2048 3419 Gedanken
2072 3366 2425 3426 erforderlich,
2459 3367 2542 3417 die
2565 3366 2646 3415 ih-

1582 3450 1669 3484 ren
1685 3434 1886 3485 Stachel
1911 3436 1964 3485 in
1984 3436 2084 3485 den
2097 3436 2295 3485 Herzen
2320 3433 2650 3486 derZuhiirer

1583 3502 1946 3553 zuriicklassen
1972 3500 2071 3568 (ΙΙΙ
2105 3501 2199 3566 34,
2235 3499 2364 3569 138);
2413 3502 2552 3552 nicht
2588 3517 2649 3551 so

1583 3571 1675 3621 der
1706 3570 2051 3636 unparteiisch
2095 3586 2147 3621 u.
2185 3570 2402 3633 objectiv
2438 3586 2501 3619 zu
2534 3568 2651 3618 hal-

1582 3638 1735 3688 tende
1756 3638 1933 3689 histor.
1947 3638 2057 3700 Stil,
2082 3638 2178 3687 wie
2202 3637 2305 3688 Cic.
2319 3636 2523 3690 fibulich
2543 3651 2648 3687 von

1583 3707 1674 3756 der
1695 3706 2021 3757 verwandten
2045 3704 2443 3772 philos.Diction
2465 3706 2548 3756 Or.
2562 3703 2647 3764 19,

1582 3782 1635 3825 62
1666 3781 1806 3839 sagt:
1855 3780 2025 3823 tamen
2058 3773 2237 3823 horum
2284 3773 2443 3822 oratio
2481 3786 2649 3833 neque

1582 3845 1786 3893 aculeos
1822 3842 2067 3891 oratorios
2099 3855 2160 3890 ac
2197 3841 2437 3904 forenses
2479 3839 2647 3890 habet.

1583 3937 1647 3948 -
1672 3910 1870 3974 officia,
1902 3907 2340 3974 Obliegenheiten.

1650 4037 1717 4080 65.
1764 4028 1988 4091 infinita,
2038 4026 2171 4077 Einl.
2214 4027 2260 4077 II
2305 4023 2357 4091 S.
2390 4026 2443 4076 2.
2502 4026 2647 4086 silva,

1582 4083 1706 4161 ὅλη,
1732 4093 2067 4144 Boumaterial
2081 4093 2175 4158 (de
2193 4095 2296 4145 inv.
2311 4096 2333 4143 1
2351 4093 2435 4156 24,
2448 4101 2499 4143 34
2516 4093 2648 4143 silva

1583 4172 1736 4223 atque
1767 4160 2033 4227 materia),
2070 4164 2141 4211 111
2173 4162 2267 4220 24,
2301 4170 2378 4220 933
2421 4159 2506 4221 26,
2545 4168 2648 4219 1033

1577 4226 1668 4299 ¹30,
1695 4237 1784 4280 118.
1830 4229 2025 4290 crass„
2052 4227 2298 4291 131,138.
