2930 4693
232 274 444 352 53202

403 116 524 181 304

978 109 1077 172 DE
1114 107 1472 173 ORATORE
1510 108 1590 173 m
1633 110 1736 173 53.
1777 114 1900 169 202.
1939 116 2065 174 203.

573 281 722 344 Nam
766 288 827 345 et
865 282 1255 343 commoratio
1293 298 1413 343 una
1452 282 1515 341 in
1559 298 1626 342 re
1664 276 2029 361 permultum
2070 288 2266 345 movet
2304 288 2366 343 et
2389 278 2651 347 illustris

408 365 739 448 explanatio
768 384 1119 447 rerumque,
1163 366 1330 446 quasi
1374 374 1687 444 gerantur,
1733 365 1845 427 sub
1896 373 2201 446 aspectum
2229 385 2419 447 paene
2448 367 2651 429 subie-

409 454 556 521 ctio,
598 469 748 532 quae
793 458 853 512 et
892 452 952 511 in
987 450 1336 530 exponenda
1377 468 1445 511 re
1487 450 1810 530 plurimum
1841 449 1996 512 valet
2036 459 2095 513 et
2126 450 2200 513 ad
2228 450 2651 513 illustrandum

409 537 488 607 id,
519 536 677 617 quod
711 536 1043 615 exponitur,
1077 543 1137 596 et
1166 535 1240 597 ad
1270 534 1774 615 amplificandum,
1805 543 1873 597 ut
1902 537 2017 607 eis,
2050 538 2152 617 qui
2179 536 2448 607 audient,
2481 534 2650 607 illud,

410 621 568 702 quod
598 620 973 701 augebimuS,
1022 627 1305 700 quantum
1350 619 1590 682 efficere
1619 622 1809 685 oratio
1848 623 2101 700 poterit,
2144 628 2373 684 tantum
2404 639 2534 683 esse
2566 623 2652 687 vi-

413 707 655 775 deatur;
704 712 764 767 et
791 705 931 769 huic
962 706 1259 767 contraria
1289 723 1465 785 saepe
1495 707 1802 786 percursio
1834 712 1924 767 est
1954 713 2016 767 et
2041 706 2174 786 plus
2203 706 2277 767 ad
2299 705 2651 785 intellegen-

416 791 581 862 dum,
611 809 791 871 quam
822 789 1072 860 dixeris,
1116 790 1468 868 significatio
1510 797 1570 851 et
1599 790 1875 852 distincte
1906 793 2140 853 concisa
2169 789 2426 853 brevitas
2457 799 2517 853 et
2547 808 2651 851 ex-

411 877 675 939 tenuatio
715 883 776 935 et
813 874 955 936 huic
995 873 1271 936 adiuncta
1309 872 1505 936 illusio
1547 894 1579 938 a
1623 877 1958 956 praeceptis
1985 877 2251 939 Caesaris
2280 894 2400 938 non
2431 875 2651 937 abhor-

281 969 385 1022 203
415 979 584 1030 rens;
632 967 692 1021 et
721 959 795 1020 ab
826 977 895 1020 re
924 959 1246 1037 digressio,
1277 960 1340 1020 in
1371 978 1485 1039 qua
1516 976 1652 1021 cum
1684 961 1864 1025 fuerit
1892 959 2231 1030 delectatio,
2264 969 2389 1023 tum
2419 959 2653 1023 reditus

412 1046 488 1108 ad
516 1064 646 1109 rem
679 1051 850 1124 aptus
880 1051 940 1105 et
969 1045 1299 1105 concinnus
1320 1062 1450 1105 esse
1482 1044 1749 1115 debebit;
1781 1047 2227 1126 propositioque
2245 1045 2387 1126 quid
2417 1046 2499 1108 sis
2527 1045 2654 1107 dic·

412 1139 582 1192 turus
606 1137 671 1191 et
701 1127 775 1191 ab
806 1148 896 1200 eo,
930 1128 1088 1209 quod
1121 1135 1210 1189 est
1239 1128 1480 1200 dictum,
1514 1131 1802 1192 seiunctio
1834 1138 1894 1191 et
1922 1129 2148 1193 reditus
2178 1131 2251 1192 ad
2281 1132 2655 1210 propositum

415 1222 476 1277 et
520 1215 757 1281 iteratio
811 1220 870 1274 et
922 1214 1172 1275 rationis
1220 1220 1357 1293 apta
1412 1213 1746 1285 conclusio;
1792 1224 1918 1279 tum
1972 1215 2228 1294 augendi
2278 1214 2658 1277 minuendive

415 1317 589 1363 causa
620 1299 882 1359 veritatis
911 1297 1233 1378 superlatio
1264 1304 1439 1378 atque
1469 1300 1773 1370 traiectio;
1807 1308 1867 1361 et
1894 1301 2128 1379 rogatio
2155 1309 2331 1380 atque
2351 1299 2492 1361 huic
2521 1300 2657 1361 fini-

415 1492 525 1537 satz
548 1499 649 1535 von
676 1485 926 1552 asperitas
962 1482 1023 1550 (§
1048 1482 1151 1535 216
1188 1483 1307 1535 lene
1328 1499 1500 1551 aspen

412 1553 566 1616 rum),
594 1554 639 1603 11
667 1551 746 1616 13,
769 1561 849 1610 543
876 1552 954 1612 15,
975 1561 1024 1602 64
1048 1567 1213 1617 genus
1240 1554 1481 1603 orationis

415 1636 531 1675 cum
556 1621 774 1672 lenitate
809 1620 1029 1683 quadam
1073 1620 1330 1682 aequabili
1365 1635 1483 1687 pro-

414 1690 581 1741 fluens
605 1690 719 1740 sine
742 1688 794 1739 h.
821 1689 857 1742 i.
882 1689 1175 1754 asperitate.

483 1756 577 1815 53,
611 1767 704 1807 202.
754 1752 1138 1807 Uebersicht
1175 1756 1283 1806 der
1321 1747 1486 1822 σχή-

415 1841 603 1892 ματα
627 1822 700 1888 (ε.
723 1824 829 1873 ind.
851 1821 1071 1888 lumina)
1098 1825 1207 1874 und
1232 1839 1365 1873 zwar
1388 1839 1482 1874 zu·-

418 1899 524 1943 erst
558 1892 649 1940 der
680 1891 872 1941 lumina
904 1891 1270 1941 sententiarum
1302 1887 1360 1956 (S
1385 1889 1487 1942 202

415 1955 627 2022 -206)
703 1958 839 2009 daun
874 1958 965 2007 der
998 1958 1190 2008 lumina
1225 1959 1488 2011 verborum

417 2025 471 2094 (S
496 2023 807 2088 zon-208).

486 2096 835 2153 commoratio,
872 2083 1146 2159 ἔπιμονῆ,
1182 2094 1247 2143 ad
1271 2093 1388 2143 Her.
1416 2094 1486 2142 IV

410 2163 510 2225 ‚4⁴1,
535 2170 587 2213 58
620 2177 663 2211 c.
694 2171 772 2212 est
797 2177 911 2212 cum
935 2162 990 2210 in
1026 2161 1137 2211 loco
1172 2161 1484 2222 firmissimO,

418 2245 518 2296 quo
557 2237 664 2280 tota
697 2246 855 2281 causa
897 2230 1209 2291 continetur,
1258 2237 1490 2283 manetur

417 2299 610 2350 diutius
638 2304 687 2346 et
712 2297 891 2348 eodem
918 2298 1122 2365 saepius
1146 2298 1356 2349 reditur.

434 2408 443 2418 .
482 2369 702 2418 illustris
727 2368 1053 2434 explanatio,
1091 2360 1332 2431 ἔκφασις
1363 2366 1485 2417 oder

420 2425 791 2494 ἔνδιοὶσκευος
825 2425 1090 2500 διήγησις
1136 2434 1227 2497 (ad
1262 2435 1378 2484 Her.
1414 2434 1485 2484 lV

417 2503 511 2565 42,
540 2510 596 2561 ,54
634 2502 878 2569 expolitio
913 2517 1031 2568 cum
1066 2502 1117 2551 in
1155 2501 1335 2551 eodem
1373 2502 1484 2551 loco

417 2585 684 2620 manemus
723 2579 771 2619 et
807 2570 948 2621 aliud
971 2576 1125 2632 atque
1148 2569 1291 2620 aliud
1317 2569 1487 2619 dicere

418 2636 695 2700 videmur).
1406 2683 1411 2690 .

486 2722 657 2756 rerum
699 2707 849 2782 Quasi
884 2711 1135 2771 gerantur
1176 2705 1268 2755 sub
1308 2720 1490 2770 aspec-

420 2780 519 2822 tum
537 2788 708 2839 paene
724 2774 987 2840 subiectio,
1007 2764 1386 2833 ὑποτύπωσις.
1423 2772 1491 2822 ad

417 2841 535 2890 Her.
564 2841 633 2889 IV
659 2839 742 2902 55,
768 2848 819 2890 68
843 2840 1209 2891 demonstratio
1231 2848 1333 2901 est,
1371 2855 1490 2890 cum

416 2909 490 2956 ita
508 2908 680 2962 verbis
698 2921 781 2957 res
803 2907 1116 2970 exprimitur,
1131 2916 1186 2957 ut
1205 2909 1314 2971 geri
1335 2922 1491 2972 nego-

417 2975 546 3024 tium
571 2983 620 3022 et
642 2988 727 3024 res
753 2983 868 3023 ante
894 2974 1070 3024 oculos
1098 2989 1212 3023 esse
1237 2975 1489 3025 videatur.

480 3043 770 3106 percursio,
787 3035 1215 3107 ἕπιτροχασμός.
1242 3042 1370 3091 Eine
1394 3057 1486 3091 an·

419 3110 540 3162 dere
563 3110 743 3160 Lesart
766 3110 834 3159 ist
863 3111 1150 3175 praecisio,
1188 3125 1304 3158 cum
1339 3109 1489 3159 dictis

417 3177 674 3240 aliquibus
698 3176 965 3240 reliquum,
988 3177 1124 3239 quod
1148 3187 1385 3243 coeptum
1412 3185 1489 3227 est

418 3246 538 3305 dici,
550 3245 855 3308 relinquitur
877 3246 931 3294 in
951 3246 1257 3310 cogitatione
1276 3245 1489 3295 audien-

415 3316 546 3366 tium
592 3310 712 3376 (der
748 3314 939 3364 diserta
974 3314 1268 3378 explanatio
1307 3321 1483 3380 entge·

418 3379 762 3451 gengesetzt).

485 3452 601 3516 plus·
635 3450 708 3502 ad
735 3450 1121 3513 intellegendum
1162 3451 1483 3514 significatio,

421 3511 686 3582 ἔμφασις.
759 3517 825 3565 ad
850 3517 964 3565 Her.
992 3516 1060 3564 lV
1085 3515 1181 3580 53,
1208 3525 1257 3566 67
1306 3531 1347 3566 ε.
1386 3523 1483 3578 est,

420 3600 551 3646 quae
608 3584 727 3649 plus
785 3585 836 3633 in
899 3583 1187 3650 suspitione
1245 3584 1486 3647 relinquit

422 3667 574 3715 quam
599 3652 828 3717 positum
854 3659 932 3700 est
956 3652 1007 3700 iu
1034 3653 1279 3702 oratione.
1309 3652 1483 3711 Quint.

418 3720 540 3769 VIII
564 3717 614 3778 3,
635 3728 686 3769 83
713 3712 959 3784 ἔμφασις
985 3720 1213 3769 altiorem
1232 3721 1483 3785 praebens

418 3787 729 3837 intellectum
767 3800 920 3848 quam
956 3802 1105 3850 quem
1130 3789 1287 3837 verba
1310 3802 1400 3852 per
1425 3803 1484 3837 se

418 3856 533 3918 ipsa
558 3853 831 3904 declarant.

488 3922 724 3973 distincte
750 3923 956 3973 concisa
989 3922 1235 3981 brevitet-5,
1275 3922 1360 3973 die
1391 3938 1483 3987 ge·

421 3990 637 4054 driingte
658 3991 824 4040 Kfirze
848 3988 981 4039 ohne
997 3989 1321 4049 Dunkelheit,
1347 3989 1484 4055 βρα-

424 4053 678 4122 χυλογία.
730 4057 899 4116 Quint.
926 4056 1045 4107 V111
1070 4055 1129 4117 3,
1155 4067 1206 4107 82
1231 4057 1330 4108 hoc
1353 4059 1486 4109 male

421 4123 681 4175 imitantes
706 4125 932 4188 sequitur
956 4124 1257 4176 obscuritas.

1651 1476 2656 1552 extenuatio,5govowmpdc‚patmus.

1586 1554 1652 1604 ad
1676 1555 1792 1605 Her.
1823 1553 1893 1604 IV
1919 1551 2005 1616 38,
2032 1562 2082 1604 50
2107 1553 2388 1604 deminutio
2415 1562 2510 1612 est,
2538 1569 2660 1604 cum

1586 1621 1779 1686 aliquid
1797 1623 1972 1672 inesse
1991 1622 2046 1672 in
2066 1621 2213 1675 nobis
2233 1622 2394 1672 autin
2416 1623 2507 1681 eis,
2524 1635 2661 1685 quos

1587 1690 1928 1751 defendimus,
1941 1697 2031 1740 aut
2042 1698 2225 1741 natura
2237 1700 2330 1740 aut
2340 1688 2547 1741 fortuna
2563 1698 2662 1743 aut
2709 1731 2720 1747 .

1586 1758 1838 1809 industria
1862 1757 2083 1808 dicimus
2110 1759 2393 1823 egregium,
2410 1758 2566 1821 quod,
2596 1774 2664 1808 ne

1589 1840 1691 1887 qua
1723 1824 2042 1890 significetur
2087 1839 2329 1891 arrogans
2369 1827 2663 1886 ostentatio,

1591 1893 1900 1945 deminuitur
1924 1901 1973 1942 et
1996 1900 2287 1945 attenuatur
2309 1895 2552 1948 oratione.

1659 1996 1840 2052 illusio,
1853 1988 2166 2059 ὃιασυρμός
2186 1993 2308 2043 oder
2320 1987 2665 2063 χλευασμός.

1592 2062 1764 2122 Quint.
1790 2063 1909 2111 VIII
1943 2059 2003 2124 6,
2030 2070 2080 2111 54
2115 2063 2164 2111 in
2204 2075 2263 2111 eo
2298 2076 2418 2112 vero
2453 2077 2665 2129 genere,

1593 2144 1692 2191 quo
1720 2130 1970 2179 contraria
1995 2130 2331 2191 ostenduntur
2361 2131 2525 2181 ironia
2550 2137 2664 2192 'est3

1591 2196 1880 2247 illusionem
1907 2207 2104 2248 vocant.
2152 2215 2186 2247 a
2204 2201 2503 2265 praeceptis
2531 2198 2667 2250 Gae-

1590 2268 1743 2324 scms,
1771 2267 1815 2314 ΙΙ
1840 2262 1923 2325 65,
1950 2274 2024 2315 261
2052 2266 2134 2324 ff.;
2170 2263 2254 2329 67,
2278 2275 2355 2316 269
2380 2266 2434 2318 ff.

1655 2376 1746 2417 203.
1785 2368 2064 2432 digressio,
2100 2360 2466 2434 παρέκβασις.
2521 2386 2660 2434 pro·

1582 2436 1792 2500 positio,
1816 2428 2186 2500 προέκθεσις.
2225 2438 2493 2496 seiunctio,
2519 2453 2661 2503 προ·

1589 2497 1839 2567 έκθεσις,
1865 2504 2117 2555 transitio.
2165 2504 2231 2553 ad
2256 2504 2371 2554 Her.
2400 2505 2471 2554 IV
2495 2502 2582 2567 26,
2605 2515 2667 2557 35

1587 2570 1821 2621 transitio
1845 2576 2082 2631 vocatur,
2121 2585 2252 2633 quae
2285 2586 2399 2624 cum
2435 2573 2668 2625 ostendit

1587 2639 1832 2697 breviter,
1881 2639 2008 2701 quid
2048 2639 2244 2689 dictum
2277 2640 2367 2702 sit,
2416 2643 2668 2707 proponit

1589 2706 1714 2758 item
1739 2706 1879 2757 brevi
1904 2706 2028 2770 quid
2052 2713 2315 2769 sequatur.
2355 2734 2419 2743 —
2453 2708 2666 2759 Proficit

1591 2773 1719 2824 haec
1750 2774 2069 2835 aliquantum
2113 2776 2376 2825 exornatio
2420 2775 2491 2825 ad
2524 2775 2668 2827 duas

1591 2857 1706 2900 res3
1731 2856 1850 2891 nam
1875 2847 1925 2890 et
1949 2841 2071 2903 quid
2096 2842 2279 2893 dixerit
2298 2853 2585 2894 commonet
2608 2853 2666 2895 et
2725 2855 2744 2870 ⁸

1593 2910 1659 2961 ad
1681 2910 1775 2959 reli
1813 2924 1931 2958 uum
1959 2917 2222 2975 comparat
2239 2910 2541 2964 auditorem.
2576 2928 2669 2963 re·

1594 2979 1745 3037 dictes,
1803 2969 2077 3036 πάνοδος.
2471 2975 2478 2978 ’

1659 3077 1884 3135 iteratio,
1899 3069 2279 3145 ἐπανάληψις.
2307 3082 2666 3146 rationisapta

1591 3146 1872 3204 conclusio,
1921 3146 1968 3195 ΙΙ
2016 3144 2109 3208 38,
2159 3156 2261 3210 158,
2311 3148 2395 3197 die
2442 3148 2664 3215 richtige

1592 3209 2094 3280 Schlussfolgerung.
2155 3215 2237 3267 Or.
2262 3215 2357 3277 40,
2384 3224 2458 3266 137
2493 3225 2550 3266 ut
2574 3232 2661 3267 ar-

1590 3287 1892 3345 gumentum
1919 3282 2115 3333 ratione
2137 3283 2424 3333 concludat.
2464 3283 2529 3333 de
2552 3285 2661 3336 div.

1590 3351 1638 3399 II
1664 3347 1745 3410 10,
1771 3357 1823 3398 25
1846 3351 2178 3401 concludatur
2200 3352 2356 3416 igitur
2388 3352 2538 3402 ratio.
2594 3353 2664 3403 ad

1588 3417 1706 3467 Her.
1744 3416 1811 3466 IV
1846 3415 1939 3480 30,
1975 3426 2022 3467 41
2073 3419 2333 3469 conclusio
2378 3428 2480 3482 est,
2528 3431 2663 3483 qua‘e

1590 3483 1732 3534 brevi
1750 3486 2189 3549 argumentatione
2212 3502 2276 3537 ex
2292 3486 2385 3551 eis,
2401 3501 2532 3549 quae
2549 3496 2663 3538 arte

1589 3552 1724 3602 dicta
1748 3560 1869 3602 sunt
1892 3563 1981 3604 aut
2006 3553 2156 3617 facta,
2183 3554 2398 3616 conficit,
2428 3556 2551 3618 quid
2571 3572 2663 3606 ne-

1588 3620 1807 3671 cessario
1835 3629 2093 3686 sequatur.

1655 3706 1884 3756 veritatis
1907 3708 2190 3770 superlatio
2215 3714 2271 3757 ac
2306 3724 2366 3758 ue
2402 3711 2658 3769 traiectio,

1587 3764 1889 3839 ὑπερβολή.
1941 3773 2005 3823 ad
2028 3774 2144 3823 Her.
2172 3773 2242 3824 IV
2302 3774 2364 3840 3,
2388 3784 2440 3825 44
2474 3792 2660 3843 super-

1588 3841 1708 3890 latio
1730 3848 1807 3890 est
1827 3842 1984 3891 oratio
2006 3857 2257 3908 superans
2276 3844 2541 3894 veritatem
2561 3861 2656 3896 au-

1587 3908 1741 3973 gendi
1766 3909 2092 3959 minuendive
2117 3926 2287 3960 causa.

1654 3994 1883 4058 rogatio,
1912 3984 2197 4060 ἐρώτησις.
2248 3994 2419 4056 Quint.
2448 3995 2522 4047 IX
2546 3997 2607 4055 2,
2634 4006 2660 4046 6

1589 4059 1713 4124 quid
1737 4060 1874 4109 enim
1895 4070 1999 4111 tam
2026 4076 2296 4113 commune
2321 4079 2473 4125 quam
2499 4065 2659 4115 inter·

1587 4141 1768 4194 rogare
1792 4128 1872 4180 vel
1897 4130 2225 4196 percontari?
