2930 4693
490 249 574 312 74
1096 241 1194 304 DE
1224 240 1580 305 ORATORE
1608 241 1633 302 1
1677 240 1779 302 49.
1813 246 2118 302 211-213,

490 412 963 495 constituendum
984 419 1254 493 putarem
1275 412 1569 492 principio
1593 412 1723 491 quis
1752 419 1908 472 esset
1933 413 2284 492 imperator;
2316 412 2418 491 qui
2446 428 2580 473 eum
2613 429 2701 473 es-

491 508 580 561 set
610 500 960 561 constitutus
989 497 1431 560 administrator
1461 496 1700 578 quidam
1728 495 1870 558 belli
1900 497 2161 577 gerendi,
2198 503 2319 558 tum
2351 496 2701 576 adiungere-

489 604 620 646 mus
650 585 723 645 de
754 585 1043 653 exercitu,
1089 581 1162 642 de
1192 583 1430 654 castris,
1479 582 1552 643 de
1581 600 1654 661 ag
1716 583 1736 642 i
1885 600 1942 651 s,
1989 582 2062 641 de
2104 583 2408 661 signorum
2440 580 2701 643 collatio-

489 669 663 731 nibus
686 718 699 740 ,
748 669 820 730 de
864 668 1217 751 oppidorum
1248 581 1934 813 oppugnationwe
1965 675 2326 737 commeatu,
2373 666 2446 727 de
2475 667 2704 728 insidiis

489 753 773 816 faciendis
824 761 999 834 atque
1029 751 1306 823 vitandiS,
1363 752 1437 813 de
1468 751 1711 832 reliquis
1849 770 1920 813 us
1944 800 1961 823 ,
2015 770 2165 831 qnae
2197 758 2395 813 essent
2421 754 2698 832 propriae

445 880 450 886 -
488 838 630 900 belli
658 837 1133 906 administrandi:
1166 855 1416 917 quarum
1447 838 1549 917 qui
1578 844 1775 898 essent
1805 838 2001 897 animo
2023 844 2082 897 et
2104 838 2348 899 scientia
2378 844 2702 917 compotes,

489 944 590 986 eos
626 943 754 985 esse
783 925 1173 1004 imperatores
1203 922 1489 993 dicerem,
1534 929 1851 1002 utererque
1892 920 2176 1003 exemplis
2204 922 2615 983 Africanorum
2645 929 2703 982 et

490 1010 917 1078 Maximorum,
948 1007 1417 1089 Epaminondam
1459 1015 1633 1088 atque
1663 1005 2054 1068 Hannibalem
2096 1015 2270 1087 atque
2311 1008 2438 1068 eius
2467 1008 2704 1085 generis

362 1106 457 1157 211
495 1094 765 1155 homines
794 1095 1183 1154 nominarem.
1246 1093 1350 1153 Sin
1381 1099 1576 1153 autem
1609 1110 2029 1172 quaereremus
2058 1094 2188 1174 quis
2218 1099 2373 1153 esset
2399 1093 2468 1162 is,
2501 1094 2601 1172 qui
2631 1091 2702 1152 ad

493 1197 619 1240 rem
641 1177 938 1259 publicam
962 1177 1384 1240 moderandam
1408 1196 1580 1239 usum
1606 1185 1666 1239 et
1693 1179 1998 1239 scientiam
2023 1184 2082 1237 et
2092 1177 2349 1239 studium
2370 1195 2542 1238 suum
2563 1194 2704 1237 con-

488 1263 734 1334 tulisset,
768 1264 1074 1325 definirem
1102 1263 1217 1324 hoc
1247 1262 1459 1325 modo:
1493 1264 1594 1343 qui
1622 1262 1833 1342 quibus
1863 1261 2041 1323 rebus
2069 1261 2287 1324 utilitas
2314 1263 2404 1322 rei
2432 1259 2703 1342 publicae

488 1357 800 1428 pareretur
830 1355 1263 1429 augereturque
1292 1355 1527 1410 teneret
1555 1349 1755 1429 eisque
1783 1354 2051 1408 uteretur
2067 1395 2083 1418 ,
2124 1348 2284 1408 hunc
2313 1349 2403 1408 rei
2431 1345 2702 1426 publicae

488 1442 786 1495 rectorem
815 1441 874 1494 et
893 1432 1121 1495 consilii
1145 1432 1365 1514 publici
1395 1441 1696 1495 auctorem
1728 1450 1856 1494 esse
1885 1431 2241 1503 habendum,
2272 1431 2704 1512 praedicarem-

488 1538 603 1599 que
649 1520 715 1580 P.
747 1516 1063 1580 Lentulum
1107 1520 1440 1599 principem
1470 1517 1633 1579 illum
1688 1524 1746 1578 et
1775 1517 1863 1579 Ti.
1897 1517 2227 1578 Gracchum
2269 1525 2499 1597 patrem
2541 1525 2599 1578 et
2627 1516 2698 1589 Q.

486 1603 785 1666 Metellum
817 1611 875 1665 et
902 1603 967 1664 P.
1000 1603 1348 1665 Africanum
1380 1610 1439 1664 et
1451 1604 1513 1665 C.
1529 1601 1793 1664 Laelium
1823 1609 1883 1663 et
1909 1601 2371 1664 innumerabiles
2396 1600 2540 1663 alios
2570 1620 2704 1662 cum

362 1698 464 1750 212
494 1707 565 1750 ex
595 1697 797 1750 nostra
827 1690 1057 1749 civitate
1086 1696 1213 1749 tum
1243 1707 1315 1749 ex
1346 1689 1576 1749 ceteris,
1665 1688 1769 1748 Sin
1800 1694 1995 1748 autem
2024 1694 2408 1768 quaereretur
2435 1688 2705 1767 quisnam

488 1775 637 1836 iuris
680 1773 982 1834 consultus
1011 1791 1150 1834 vere
1180 1775 1604 1843 nominaretur,
1639 1791 1773 1834 eum
1805 1771 2084 1843 dicerem,
2117 1773 2218 1852 qui
2247 1771 2444 1851 legum
2475 1779 2533 1833 et
2564 1790 2704 1833 con-

490 1858 818 1919 suetudinis
849 1859 1003 1930 eius,
1037 1877 1152 1938 qua
1179 1860 1393 1937 privati
1421 1859 1486 1918 in
1517 1859 1747 1919 civitate
1774 1864 2114 1928 uterentur,
2146 1865 2205 1918 et
2236 1857 2309 1918 ad
2339 1856 2704 1936 responden-

490 1943 629 2003 dum
661 1950 720 2004 et
748 1942 822 2003 ad
852 1942 1147 2028 agendum
1176 1950 1237 2003 et
1266 1943 1335 2003 ad
1370 1943 1695 2004 cavendum
1723 1944 1950 2023 peritus
1980 1951 2159 2013 esset,
2192 1949 2252 2003 et
2281 1960 2354 2003 ex
2385 1961 2456 2004 eo
2485 1959 2704 2021 genere

361 2024 446 2097 49
491 2028 626 2088 Sex.
656 2026 918 2096 Aelium,
952 2026 1049 2088 Μ’.
1060 2009 1411 2099 Manilium,
1443 2028 1507 2089 P.
1537 2028 1794 2090 Mucium
1824 2028 2210 2098 nominarem,
2242 2027 2458 2107 Atque,
2489 2035 2556 2088 ut
2583 2028 2701 2087 iam

490 2112 563 2174 ad
614 2111 836 2173 leviora
867 2113 1084 2172 artium
1116 2112 1306 2173 studia
1334 2114 1596 2185 veniam,
1642 2115 1693 2174 si
1731 2114 2030 2183 musicuS,
2081 2114 2132 2173 si
2161 2113 2603 2191 grammaticuS,
2656 2113 2706 2171 si

487 2202 663 2278 poeta
693 2204 1037 2278 quaeratur,
1086 2199 1308 2277 possim
1336 2197 1607 2263 similiter
1638 2197 1961 2277 explicare,
2014 2196 2154 2278 quid
2205 2215 2410 2259 eorum
2460 2198 2706 2278 quisque

487 2284 832 2363 profiteatur
863 2289 922 2343 et
949 2301 1066 2364 quo
1098 2299 1218 2344 non
1248 2281 1498 2365 amplius
1530 2282 1602 2345 ab
1634 2301 1868 2365 quoque
1899 2285 1976 2345 sit
2002 2281 2436 2364 postulandum.
2507 2280 2705 2343 Philo-

443 2414 447 2418 <
487 2369 660 2449 sophi
704 2369 958 2448 denique
987 2370 1200 2449 ipsius,
1245 2371 1347 2449 qui
1377 2369 1451 2430 de
1481 2387 1586 2431 sua
1614 2371 1672 2430 vi
1702 2387 1769 2429 ac
1793 2370 2080 2448 sapientia
2108 2386 2261 2430 unus
2290 2369 2484 2429 omnia
2514 2385 2705 2447 paene

486 2454 827 2534 profitetur,
862 2460 950 2513 est
974 2460 1170 2515 tamen
1194 2454 1482 2534 quaedam
1507 2454 1843 2534 descriptio,
1877 2461 1942 2515 ut
1960 2456 2031 2525 is,
2062 2455 2162 2534 qui
2184 2453 2415 2527 studeat
2443 2454 2705 2514 omnium

491 2558 691 2600 rerum
723 2538 1052 2600 divinarum
1084 2547 1259 2620 atque
1287 2539 1681 2601 humanarum
1711 2541 1847 2609 vim,
1880 2547 2150 2600 naturam
2181 2555 2500 2618 causasque
2531 2556 2705 2600 nosse

488 2632 546 2685 et
587 2642 826 2685 omnem
856 2623 1009 2685 bene
1039 2624 1268 2685 vivendi
1297 2626 1588 2686 rationem
1618 2632 1824 2686 tenere
1855 2631 1914 2685 et
1952 2625 2258 2704 persequi,
2301 2624 2540 2684 nomine
2591 2623 2726 2705 hoc¹

363 2723 463 2774 213
495 2708 841 2791 appelletur.
903 2707 1215 2772 Oratorem
1245 2717 1469 2781 autem,
1513 2711 1790 2791 quoniam
1832 2708 1905 2770 de
1935 2728 2005 2770 eo
2035 2710 2402 2790 quaerimus,
2434 2707 2702 2788 equidem

486 2912 693 2963 anstellt
726 2911 829 2962 und
871 2911 1009 2962 daun
1046 2918 1148 2962 erst
1190 2928 1255 2962 zu
1298 2914 1395 2963 den
1437 2914 1544 2963 rein

483 2979 1005 3031 wissenschaftlichen
1020 2980 1177 3030 oder
1166 2996 1219 3029 111
1242 2981 1334 3031 das
1357 2982 1550 3047 prakti-

485 3049 606 3099 sche
615 3049 785 3099 Leben
802 3048 1111 3115 wenigstens
1134 3047 1273 3098 nicht
1292 3051 1548 3099 unmittel-

482 3120 575 3169 bar
598 3115 980 3183 eingreifenden
999 3109 1359 3181 Thatigkeiten
1396 3119 1544 3168 iiber·

522 3185 625 3236 eht.

484 3201 520 3252 g
550 3256 715 3305 animo
740 3260 791 3304 et
811 3254 1050 3311 scientia,
1076 3253 1131 3303 d.
1154 3251 1204 3304 h.
1231 3253 1386 3304 ‘nicht
1410 3253 1549 3304 bloss

482 3321 846 3373 theoretisches
887 3321 1094 3372 Wissen
1148 3321 1312 3371 davon
1353 3321 1545 3385 hatten,

1715 2922 1808 2964 212.
1832 2914 1904 2964 ad
1922 2914 2342 2979 respondendum,
2362 2928 2406 2964 s.
2427 2913 2536 2965 ind.
2552 2914 2705 2964 iuris·

1650 2982 1932 3032 consultus.

1716 3047 1802 3100 49.
1845 3052 1918 3100 ad
1947 3051 2139 3100 leviora
2170 3052 2366 3113 studia,
2402 3048 2550 3101 Corn.
2575 3048 2706 3116 Nep.

1649 3117 1823 3182 Epam.
1849 3118 1882 3166 2
1905 3127 2058 3180 atque
2079 3117 2207 3168 haee
2230 3118 2445 3181 (Musik,
2472 3117 2708 3168 Philoso-

1647 3184 1769 3250 phie
1815 3186 1919 3235 und
1964 3185 2448 3236 wissenschaftliche
2494 3185 2709 3237 Studien

1649 3251 1960 3320 uberhaupt)
1979 3254 2046 3304 ad
2056 3263 2278 3304 nostram
2288 3254 2709 3305 consuetudinem

1649 3331 1768 3372 sunt
1812 3322 1946 3373 levia
2003 3330 2052 3372 et
2096 3324 2269 3388 potius
2316 3323 2709 3373 contemnenda.

482 3392 703 3441 sondern
739 3392 823 3441 die
854 3398 1142 3456 genannten
1164 3389 1330 3455 Dinge
1360 3391 1549 3456 geistig

483 3458 837 3510 behetsehten’
875 3457 1037 3521 (nicht
1061 3457 1203 3509 bloss
1228 3459 1297 3507 im
1321 3458 1460 3523 Kopl’
1482 3486 1546 3495 -

482 3528 695 3578 scientia
726 3554 794 3564 —
827 3527 1047 3577 sondern
1081 3524 1212 3576 auch
1245 3527 1317 3576 im
1350 3526 1544 3577 Herzen

485 3621 548 3632 --
573 3595 785 3660 animo).

550 3664 943 3726 Africanam,
988 3664 1034 3713 ΙΙ
1076 3662 1138 3711 71
1153 3700 1168 3725 ‚

485 3732 701 3782 vielen
724 3746 938 3797 grossen
964 3729 1239 3781 Feldherrn
1265 3730 1550 3782 derRiimer

484 3801 678 3850 kommt
714 3814 807 3849 nur
842 3800 943 3848 ein
969 3797 1182 3848 Grieche
1216 3815 1266 3849 u.
1294 3798 1397 3848 ein
1425 3799 1548 3849 Car-

483 3867 683 3933 thager3
713 3892 771 3903 -—
798 3867 1031 3917 allesamt
1054 3865 1210 3916 durch
1235 3865 1345 3916 ihre
1368 3874 1546 3919 strate-

482 3935 660 4000 gisehe
682 3935 865 3985 Taktik
888 3933 1300 4000 ausgezeichnet.

553 4012 644 4053 211.
701 4010 952 4053 rectorem
975 4041 989 4064 ,
1039 4001 1157 4052 ‘den
1206 4002 1407 4053 Leuker
1451 4004 1545 4055 des

487 4068 872 4121 Staatsschiffs’.
927 4072 1127 4121 consilii
1152 4071 1345 4135 publici
1371 4080 1545 4124 aucto-

485 4152 617 4197 rem,
643 4152 744 4186 von
769 4137 1114 4188 dessenWort
1135 4154 1187 4190 u.
1212 4139 1346 4190 Rat
1333 4153 1386 4190 ιιι
1411 4140 1541 4191 allen

488 4203 1115 4269 Staatsangelegenheiten
1159 4206 1242 4256 die
1275 4208 1544 4258 Entschei-

487 4272 627 4336 dung
644 4271 869 4336 abhfingt
890 4268 924 4336 S
947 4270 1163 4323 215.111
1193 4273 1277 4334 17,
1306 4284 1373 4326 63.

1210 3671 1287 3713 290
1332 3661 1425 3712 aul*
1462 3663 1548 3712 die

1647 3389 1789 3440 Brut.
1828 3389 1880 3450 1,
1906 3399 1931 3441 3
1970 3390 2167 3441 Etenim
2202 3392 2248 3441 si
2278 3391 2332 3440 in
2353 3391 2601 3441 leviorum
2624 3406 2711 3440 ar-

1646 3458 1774 3507 tium
1786 3459 1954 3509 studio
1966 3460 2235 3509 memoriae
2244 3459 2499 3524 proditum
2519 3468 2596 3509 est
2608 3468 2708 3509 etc.

1716 3544 1814 3593 quo
1838 3543 1939 3578 non
1958 3529 2188 3592 amplius,
2208 3527 2284 3577 als
2309 3527 2401 3577 das
2411 3528 2709 3579 Maximum.

1650 3594 1965 3661 Nfigelsbaeh
1991 3595 2107 3646 Lat.
2131 3594 2241 3646 Stil.
2269 3593 2301 3662 S
2324 3593 2389 3646 37
2401 3596 2452 3646 b.

1716 3666 1803 3730 qui
1823 3664 2042 3722 studeat,
2069 3664 2133 3713 de
2151 3663 2235 3713 off.
2258 3664 2371 3727 112,
2392 3674 2418 3712 5
2441 3669 2536 3713 nec
2554 3664 2709 3726 quid·

1651 3747 1801 3794 quam
1824 3732 1965 3782 aliud
1989 3739 2066 3782 est
2087 3731 2438 3798 philosophia,
2474 3733 2520 3781 si
2550 3733 2712 3782 inter·

1585 3830 1590 3835 -
1648 3801 1835 3865 pretari
1859 3800 2001 3861 velis,
2027 3807 2227 3865 praeter
2258 3800 2482 3850 studium
2505 3800 2713 3866 sapien·

1649 3869 1772 3928 tiae3
1785 3868 2037 3933 sapientia
2048 3876 2217 3918 autem
2230 3877 2307 3918 est
2316 3867 2398 3934 (ut
2408 3884 2438 3918 a
2448 3869 2712 3919 veteribus

1646 3935 1966 4002 philosophis
1984 3935 2244 3986 definitum
2265 3933 2370 4000 est)
2391 3950 2558 3986 rerum
2577 3936 2710 3985 ‹livi-

1649 4019 1828 4054 narum
1851 4011 1901 4053 et
1923 4003 2283 4067 humanarum,
2320 4018 2714 4068 causarumque,

1648 4074 1833 4136 quibus
1868 4070 1963 4122 hae
1985 4087 2068 4123 res
2091 4074 2440 4136 continentur,
2474 4072 2716 4122 scientia.

1715 4148 1890 4191 tenere
1915 4141 2043 4191 nach
2063 4141 2155 4191 der
2171 4139 2560 4202 theoretischen,
2581 4156 2717 4205 per·-

1644 4210 1790 4274 sequi
1810 4208 1937 4258 nach
1958 4211 2048 4259 der
2070 4208 2394 4274 praktischen
2420 4207 2585 4267 Seite,
2619 4209 2720 4258 der

1645 4277 2038 4343 Durchl'iihrung
2060 4277 2129 4326 im
2154 4276 2346 4328 Leben.
