2930 4693
491 238 624 300 204
1015 230 1112 291 DE
1144 227 1503 292 ORATORE
1532 227 1585 289 11
1629 224 1728 288 76.
1773 224 1876 287 77.
1923 230 2233 286 306-310.

495 399 604 462 sed
632 400 770 481 quia
800 414 1038 460 causam
1078 410 1200 458 non
1241 395 1500 458 libenter
1540 393 1833 475 relinquo,
1878 396 2126 455 nimium
2169 396 2402 474 patiens
2443 400 2507 455 et
2546 393 2755 454 lentus

499 486 835 553 existimem
867 490 949 553 ut,
983 496 1119 544 eum
1149 482 1452 560 teipsum,
1500 478 1742 559 Sulpici,
1785 478 2193 557 obiurgabam‚
2238 479 2396 559 quod
2438 479 2752 540 ministra-

500 576 691 631 torem
719 573 975 650 peteres,
1010 580 1128 627 non
1160 565 1584 626 adversarium.
1658 564 1747 625 Ex
1775 580 1894 643 quo
1926 565 2103 623 etiam
2132 563 2279 623 illud
2308 562 2629 642 adsequor,
2662 569 2748 632 ut,

424 698 441 712 .
500 654 553 714 si
579 653 712 733 quis
743 648 888 713 mihi
917 650 1072 712 male
1114 650 1286 720 dicat,
1328 647 1601 728 petulans
1642 655 1743 709 aut
1781 647 1957 726 plane
1995 649 2239 707 insanus
2281 662 2410 707 esse
2454 647 2749 707 videam.

368 746 473 805 300
501 738 566 799 In
597 737 753 817 ipsis'
772 742 970 797 autem
1001 735 1368 812 argumentis
1407 734 1459 793 si
1501 732 1642 812 quid
1683 734 1956 811 posueris
1998 739 2098 792 aut
2136 738 2341 810 aperte
2385 729 2602 792 falsum
2646 737 2752 792 aut

501 823 575 892 ei,
607 820 764 901 quod
796 820 1017 881 dixeris
1045 818 1381 879 dicturusve
1409 816 1508 885 sis,
1539 818 1902 877 contrarium
1926 823 2028 876 aut
2049 831 2269 894 genere
2289 818 2421 894 ipso
2444 822 2748 875 remotum

501 905 577 966 ab
606 924 717 966 usu
748 904 1101 965 iudiciorum
1132 916 1201 963 ac
1229 901 1379 971 foro,
1412 900 1639 962 nihilne
1663 901 1917 961 noceas?
1948 899 2103 971 Quid
2128 899 2349 960 multa?
2378 900 2575 960 omnis
2598 914 2748 959 cura

501 1006 635 1051 mea
664 987 815 1049 solet
841 989 904 1047 in
947 985 1063 1047 hoc
1090 987 1314 1046 versari
1354 996 1595 1063 semper
1639 983 1852 1065 (dicam
1893 986 2052 1044 enim
2092 985 2367 1064 saepius),
2405 985 2461 1043 si
2496 985 2747 1062 possim,

502 1081 572 1134 ut
589 1073 736 1135 boni
759 1073 1011 1133 efficiam
1037 1070 1114 1131 ali
1194 1068 1258 1129 id
1280 1068 1563 1138 dicendo;
1588 1070 1679 1129 sin
1705 1069 1771 1129 id
1791 1070 2006 1139 minus,
2038 1078 2105 1128 ut
2127 1076 2294 1129 certe
2315 1082 2392 1149 ne
2413 1067 2557 1147 quid
2580 1066 2746 1128 mali.

327 1153 529 1228 ’16307
672 1157 875 1236 Itaque
904 1172 1062 1215 nunc
1090 1153 1134 1213 il
1198 1176 1199 1179 ¹
1259 1153 1462 1223 redeo,
1495 1153 1719 1223 Catule,
1759 1155 1823 1212 in
1853 1166 1973 1232 quo
2002 1154 2066 1213 tu
2093 1164 2191 1213 me
2218 1151 2418 1232 paullo
2448 1159 2587 1212 ante
2615 1151 2747 1212 lau·

504 1241 715 1311 dabam
771 1239 845 1301 ad
887 1237 1227 1299 ordinem
1282 1235 2022 1317 collocutionemque
2076 1250 2277 1297 rerum
2325 1252 2395 1296 ac
2446 1235 2742 1296 locorum.

504 1327 684 1387 Cuius
704 1326 857 1385 ratio
882 1329 971 1384 est
992 1321 1239 1402 duplex:
1271 1321 1475 1391 altera,
1505 1334 1683 1401 quam
1709 1321 1904 1381 adfert
1926 1329 2138 1381 natura
2161 1334 2474 1381 causarum
2490 1367 2503 1385 ‚
2537 1319 2745 1388 altera,

503 1425 657 1490 quae
686 1417 993 1470 oratorum
1022 1406 1242 1467 iudicio
1272 1413 1331 1466 et
1370 1403 1687 1485 prudentia
1727 1410 2130 1484 comparamr.
2219 1405 2367 1466 Nam
2412 1413 2477 1463 ut
2516 1403 2744 1483 aliquid

504 1500 642 1555 ante
671 1508 800 1554 rem
833 1490 1113 1560 dicamus,
1163 1488 1376 1550 deinde
1406 1497 1628 1550 utrem
1660 1500 2042 1568 exponamus,
2085 1496 2221 1568 post
2251 1496 2315 1549 ut
2356 1502 2487 1548 eam
2515 1488 2743 1567 probe-

503 1596 637 1640 mus
679 1577 898 1639 nostris
936 1574 1249 1655 praesidiis
1288 1572 1726 1643 confirmandis,
1772 1575 2086 1633 contrariis
2123 1572 2471 1642 refutandis,
2517 1573 2742 1632 deinde

504 1669 573 1723 ut
600 1661 1021 1724 concludamus
1051 1668 1225 1739 atque
1253 1660 1336 1718 ita
1365 1670 1732 1736 peroremus,
1766 1658 1880 1717 hoc
1901 1656 2140 1718 dicendi
2168 1664 2378 1718 nutura
2408 1658 2538 1734 ipsa
2568 1672 2745 1735 prae-

373 1755 481 1810 308
510 1745 736 1807 scribit.
826 1745 903 1805 Ut
941 1755 1085 1804 vero
1126 1749 1451 1804 statuamus
1494 1760 1591 1811 ea,
1649 1756 1800 1821 quae
1840 1741 2135 1820 probandi
2173 1746 2233 1800 et
2274 1740 2526 1801 docendi
2567 1757 2747 1800 causa

508 1822 761 1891 dicenda
791 1835 945 1897 sunt,
977 1825 1476 1907 quemadmodum
1508 1836 1949 1905 componemus,
1983 1826 2045 1885 id
2075 1833 2165 1886 est
2193 1825 2286 1885 vel
2315 1826 2573 1886 maxime
2601 1840 2746 1904 pro-

504 1915 702 1992 prium
727 1913 980 1973 oratoris
1001 1910 1369 1990 prudentiae.
1399 1911 1581 1971 Multa
1605 1911 1766 1970 enim
1785 1915 2113 1989 occurrunt
2133 1917 2511 1987 argumenta3
2536 1908 2742 1978 multa,

507 1997 751 2075 quaein
781 1995 1032 2055 dicendo
1060 1995 1371 2074 profutura
1410 1994 1740 2055 videantur.
1802 1994 1919 2055 Sed
1962 2008 2170 2054 eorum
2210 1995 2426 2072 partim
2469 1994 2554 2053 ita
2594 1992 2746 2052 levia

506 2085 660 2152 sunt,
691 2087 758 2140 ut
786 2076 1220 2140 contemnenda
1250 2078 1387 2148 sint,
1417 2080 1654 2156 partim,
1700 2079 1928 2139 etiamsi
1957 2077 2098 2158 quid
2128 2077 2349 2139 habent
2394 2074 2742 2144 adiumenti,

506 2170 647 2225 sunt
674 2176 1120 2243 nonnumquam
1150 2161 1458 2231 eiusmodi,
1491 2171 1557 2223 ut
1584 2163 1727 2224 insit
1752 2163 1814 2222 in
1847 2164 1932 2223 eis
1963 2160 2182 2242 aliquid
2212 2163 2337 2221 vitii
2366 2176 2564 2240 neque
2590 2162 2747 2221 tanti

507 2251 584 2310 sit
607 2248 772 2319 illud,
804 2242 962 2328 quod
991 2246 1274 2325 prodesse
1305 2246 1589 2317 videatur,
1639 2256 1707 2308 ut
1735 2264 1870 2307 cum
1902 2246 2098 2326 aliquo
2139 2245 2297 2306 malo
2326 2247 2745 2324 coniungatur.

372 2341 481 2396 309
512 2333 675 2405 Quae
704 2338 900 2393 autem
921 2331 1086 2393 utilia
1116 2337 1256 2392 sunt
1283 2337 1458 2431 atque
1487 2332 1676 2401 firma,
1708 2332 1759 2393 si
1789 2344 1858 2392 ea
1887 2338 2106 2401 tamen,
2149 2337 2214 2392 ut
2241 2344 2420 2410 saepe
2447 2331 2531 2401 fit,
2573 2328 2746 2391 valde

508 2416 693 2478 multa
722 2425 878 2487 sunt,
911 2435 997 2485 ea,
1029 2423 1181 2496 quae
1212 2433 1285 2476 ex
1315 2433 1399 2476 eis
1428 2421 1530 2476 aut
1558 2416 1852 2477 levissima
1892 2423 2031 2476 sunt
2060 2423 2161 2477 aut
2200 2414 2334 2475 aliis
2370 2414 2746 2493 gravioribus

508 2500 855 2572 consimilia,
899 2502 1133 2561 secerni
1163 2497 1422 2560 arbitror
1461 2507 1741 2579 oportere
1784 2507 1960 2579 atque
2003 2516 2075 2560 ex
2115 2502 2385 2560 oratione
2425 2500 2746 2560 rfflnoveri.

513 2585 803 2665 EquIdem
835 2599 970 2646 cnm
1001 2584 1213 2663 colligo
1244 2591 1593 2662 argumenta
1625 2599 1954 2651 causarum.
1976 2596 1979 2601 ·
1998 2599 2119 2644 non
2146 2592 2268 2645 tam
2312 2599 2379 2644 ea
2422 2597 2747 2644 numerare

332 2656 422 2730 77
436 2672 539 2727 310
564 2670 727 2731 soleo
760 2687 935 2749 quam
968 2668 1326 2748 expendere.
1400 2668 1478 2728 Et
1504 2669 1804 2748 quoniam,
1836 2668 1994 2747 quod
2021 2685 2201 2748 saepe
2229 2670 2348 2728 iam
2379 2667 2518 2737 dixi,
2549 2666 2747 2752 tribus

509 2754 690 2815 rebus
721 2765 927 2813 omnes
958 2753 1031 2813 nd
1060 2761 1326 2814 nostram
1368 2754 1722 2813 sententiam
1762 2753 2163 2831 perducimuS,
2208 2759 2309 2813 aut
2338 2751 2613 2812 docendo
2643 2759 2748 2813 aut

506 2836 879 2897 conciliando
909 2844 1010 2896 aut
1038 2834 1458 2915 permovendo,
1490 2853 1609 2897 una
1640 2853 1712 2897 ex
1741 2837 1935 2897 trihus
1963 2836 2057 2896 his
2077 2836 2258 2898 rebus
2279 2849 2378 2897 res
2398 2849 2545 2917 prae
2568 2835 2748 2897 nobis

505 2926 598 2980 est
636 2920 912 2988 ferenda,
965 2927 1031 2979 ut
1083 2919 1229 2980 nihil
1267 2920 1426 2981 aliud
1464 2922 1581 2981 nisi
1622 2920 1840 2983 docere
1883 2920 2032 2981 velle
2085 2921 2420 2990 videamur3
2473 2919 2747 3000 reliquae

505 3002 677 3073 duae,
710 3004 883 3063 sicuti
912 3005 1155 3081 sanguis
1190 3006 1254 3063 in
1284 3004 1655 3083 corporibus,
1699 3007 1785 3065 sic
1824 3003 1961 3065 illae
2001 3006 2065 3064 in
2105 3006 2414 3085 perpetuis
2453 3005 2746 3066 orationi·

503 3084 618 3150 bus
645 3087 813 3149 fusae
842 3103 972 3148 esse
1003 3085 1321 3148 debebunt.
1410 3089 1561 3149 Nam
1593 3096 1652 3151 et
1679 3091 1973 3170 principia
2005 3096 2065 3149 et
2093 3097 2331 3150 ceterae
2358 3095 2566 3168 partes
2605 3105 2746 3150 ora·

497 3337 1000 3390 hernusl'ordernden
1058 3338 1413 3405 personlichen
1462 3342 1572 3389 An·
1674 3339 1859 3405 gethan
1889 3357 1940 3391 u.
1966 3340 2058 3390 aul*
2076 3338 2264 3389 welche
2287 3340 2464 3390 Weise
2492 3356 2548 3391 er
2570 3356 2632 3391 so
2658 3342 2746 3392 die

502 3408 714 3473 griffen‚
748 3408 886 3463 ‚aber
916 3406 998 3474 ich
1036 3405 1197 3456 suche
1230 3406 1368 3455 mich
1394 3423 1458 3456 zu
1484 3408 1574 3457 be·
1674 3406 1877 3473 Gegner
1898 3408 2253 3468 verwechselt‚
2287 3408 2418 3458 lfisst
2450 3408 2563 3457 nich
2597 3408 2745 3458 nicht

501 3474 750 3525 herscheu
776 3474 883 3523 und
906 3474 1165 3523 vermeide
1200 3488 1255 3522 es
1280 3474 1571 3539 personlich
1677 3475 1834 3524 naher
1857 3476 2175 3526 bestimmen.
2209 3476 2347 3533 illud,
2374 3475 2488 3524 ‘den
2502 3475 2741 3537 Vorteil‚’

501 3555 571 3591 zu
592 3541 814 3591 werden.
1673 3543 1990 3607 Nfigelsbach
2016 3542 2126 3593 Lat.
2155 3542 2267 3592 Stil.
2294 3543 2327 3604 S
2350 3542 2434 3598 44,
2460 3552 2530 3592 28.

562 3608 772 3671 patiens
794 3613 848 3658 et
868 3609 1048 3667 lentus,
1073 3604 1242 3673 8279.
1278 3623 1387 3658 eum
1403 3609 1574 3659 obiur-
1752 3610 1808 3661 B.
1862 3610 1902 3658 L
1916 3610 2065 3660 ehre
2136 3625 2165 3658 v
2179 3624 2208 3659 o
2223 3623 2254 3657 n
2312 3610 2411 3659 der
2466 3606 2739 3661 collocatio

490 3674 709 3741 yabam,
733 3670 766 3739 S
791 3673 910 3724 282.
1669 3676 1914 3739 (Theile
1946 3678 2056 3726 der
2090 3674 2286 3743 Rede)
2320 3691 2365 3725 c.
2393 3676 2477 3738 76,
2502 3678 2737 3737 307-81,

562 3743 978 3801 ministrator-em,
1015 3742 1162 3791 einen
1187 3742 1279 3792 der
1302 3741 1566 3793 Subalter-
1666 3752 1761 3795 333.

494 3825 615 3872 nen,
640 3808 834 3858 welche
850 3809 967 3858 dem
977 3808 1288 3859 Saehwalter
1307 3811 1400 3859 mit
1416 3821 1566 3861 man·
1733 3809 1827 3871 76,
1860 3819 1957 3862 307.
1997 3813 2174 3875 paullo
2198 3817 2341 3874 ante,
2376 3812 2409 3874 S
2437 3809 2551 3861 179.
2600 3812 2736 3863 Nam

495 3876 681 3927 cherlei
700 3875 1301 3926 brauchbaremMaterial
1317 3878 1566 3929 zurHand
1664 3885 1722 3929 ut
1743 3886 1837 3929 etc.
1864 3878 1995 3928 Einl.
2020 3880 2067 3927 11
2091 3875 2124 3944 S
2146 3876 2199 3929 6.

495 3946 746 4010 giengen‚
781 3959 836 4010 p.
872 3943 1052 3994 Flacco
1085 3945 1178 4007 22,
1215 3953 1265 3994 53
1310 3945 1445 3995 idem
1480 3944 1563 3994 hic
1731 3953 1824 3997 308.
1862 3957 2034 3997 eorum
2054 3948 2258 4011 partim,
2283 3944 2315 4011 S
2339 3943 2425 3996 92.
2450 3944 2568 3996 309.
2617 3957 2734 3997 mem

494 4012 621 4060 milii
645 4012 792 4075 quasi
813 4012 1134 4062 ministrator
1167 4011 1365 4072 aderat,
1400 4013 1565 4063 subii-
1664 4021 1778 4076 etc„
1805 4013 1872 4062 de
1890 4013 1976 4062 off.
1995 4014 2040 4062 11
2059 4013 2145 4077 22,
2165 4021 2216 4063 79
2241 4025 2343 4063 non
2361 4013 2498 4063 enim
2517 4025 2732 4063 numero

488 4079 654 4136 ciens,
681 4079 805 4141 quid
828 4079 882 4127 in
906 4091 1028 4130 suos
1047 4080 1186 4128 cives
1204 4079 1563 4143 civitatemque
1660 4078 1788 4129 haee
1808 4080 2113 4145 indicantur,
2140 4077 2234 4131 sed
2254 4081 2500 4147 pondere.

491 4144 544 4191 si
564 4144 752 4193 vellem
774 4143 1016 4195 dicerem.
1062 4145 1292 4195 Wlefern
1319 4146 1414 4196 dns
1438 4146 1562 4196 Sul-
1731 4148 1824 4209 77,
1860 4155 1955 4198 310.
2000 4159 2185 4212 saepe,
2225 4145 2260 4213 S
2288 4147 2401 4198 115.
2446 4147 2562 4202 121.
2608 4147 2727 4198 128.

492 4208 666 4272 picius
708 4211 762 4259 in
805 4211 975 4261 seiner
1014 4211 1379 4276 jugendlichen
1413 4213 1563 4263 Hitze
1663 4211 1779 4264 181.
1802 4218 1857 4265 in
1867 4218 2138 4280 perpetuis
2155 4216 2484 4275 orationibus,
2509 4217 2580 4266 im
2596 4227 2728 4282 gan-
