2930 4693
876 241 976 305 DE
1006 240 1365 306 ORATORE
1392 242 1447 306 Π
1471 243 1580 307 29.
1617 250 1733 305 123.
1765 252 1883 306 124.
2372 252 2497 317 137

256 409 609 475 adsentandi
632 413 1060 493 suspitionem),
1086 414 1388 476 neminem
1410 432 1542 478 esse
1565 421 1867 477 oratorem
1889 414 2090 496 paullo
2112 414 2496 481 illustriorem

256 497 516 561 arbitror
547 494 764 580 [neque
779 498 1073 560 Graecum
1094 517 1288 580 neque
1306 498 1629 585 Latinum],
1661 519 1840 581 quem
1864 508 2026 563 aetas
2047 509 2251 565 nostra
2272 502 2492 577 tulerit,

256 601 436 664 quem
466 601 587 645 non
617 591 678 645 et
704 601 883 664 saepe
913 591 973 646 et
1002 583 1318 665 diligenter
1345 586 1668 655 audierim;
1703 587 1902 667 itaque
1931 589 1983 648 si
2012 586 2154 668 quid
2185 596 2275 650 est
2302 590 2366 650 in
2395 608 2493 651 mc

258 669 437 749 (quod
464 670 586 732 iam
613 686 859 750 sperare
891 668 1117 742 videor,
1170 667 1449 751 quoniam
1492 670 1732 751 quidem
1776 689 1909 743 voS,
1959 672 2054 735 bis
2094 674 2353 752 ingeniis
2383 674 2492 735 ho-

254 755 479 826 mineS,
533 761 763 818 tantum
793 772 1011 835 operae
1040 755 1192 817 mihi
1233 756 1311 817 ad
1339 754 1700 819 audiendum
1730 755 1899 837 datis)
1915 804 1931 829 ,
1974 776 2049 821 ex
2077 776 2149 820 eo
2180 766 2299 832 est,
2334 760 2494 841 quod

254 838 404 902 nibil
433 841 742 921 quisquam
771 858 1053 921 umquam
1084 858 1181 902 me
1212 841 1492 903 audiente
1523 843 1645 922 egit
1673 848 1895 913 orator,
1926 842 2090 924 quod
2120 862 2240 905 non
2270 845 2336 906 in
2365 863 2520 908 men

255 926 447 988 moria
477 943 608 987 mea
635 926 874 1005 penitus
913 924 1216 988 insederit.
1303 927 1511 1007 ltaque
1555 945 1665 1006 ego
1706 928 1786 997 is,
1840 929 1943 1008 qui
1994 947 2156 1003 sum,
2211 936 2495 1011 quantus-

256 1028 513 1091 cumque
542 1028 674 1072 sum
704 1011 779 1073 ad
806 1009 1221 1083 iudicandum,
1253 1010 1533 1074 omnibus
1562 1012 1777 1075 auditis
1807 1013 2175 1086 oratoribus,
2218 1016 2347 1079 sine
2376 1014 2496 1078 ulla

257 1094 625 1158 dubitatione
655 1097 742 1157 sic
770 1102 962 1159 statuo
1005 1105 1065 1159 et
1113 1096 1340 1169 iudico,
1394 1098 1698 1160 neminem
1749 1100 2017 1161 omnium
2067 1106 2156 1162 tot
2206 1108 2266 1161 et
2311 1109 2494 1174 tanta,

255 1188 478 1262 quanta
506 1183 624 1243 sint
653 1182 717 1242 in
747 1181 987 1254 Crasso,
1035 1180 1313 1244 habuisse
1357 1191 1709 1246 ornamenta
1750 1183 2006 1247 dicendi.
2079 1184 2497 1259 Quamobrem,

258 1268 313 1327 si
348 1285 454 1328 vos
483 1285 719 1348 quoque
748 1267 864 1329 hoc
892 1266 1053 1329 idem
1097 1268 1445 1331 existimatis
1459 1315 1478 1341 ,
1527 1287 1652 1331 non
1692 1271 1807 1330 erit
1821 1317 1837 1338 ,
1889 1277 1956 1331 ut
1996 1272 2237 1351 opinor,
2292 1273 2496 1354 iniqua

252 1353 527 1432 partitio,
560 1353 641 1424 si,
674 1370 813 1415 oum
842 1370 953 1432 ego
982 1352 1142 1415 hunc
1172 1360 1503 1425 oratorem,
1534 1373 1712 1435 quem
1743 1372 1902 1417 nunc
1929 1355 2119 1435 fingo,
2151 1363 2219 1418 ut
2244 1357 2491 1431 institui,

259 1455 502 1584 crearod‚
549 1434 783 1518 aluere,
829 1438 1186 1504 confirmaro
1199 1486 1217 1512 ,
1259 1438 1493 1502 tradam
1537 1458 1673 1503 eum
1705 1440 1916 1504 Crasso
1947 1447 2007 1503 et
2033 1441 2406 1506 vestiendum
2436 1451 2497 1505 et

259 1541 454 1585 ornan
493 1541 617 1586 um.

432 1608 586 1671 Tum
615 1605 950 1688 CRASSUS‚
981 1608 1072 1671 Tu
1103 1627 1274 1680 vero,
1304 1610 1526 1691 inquit,
1556 1610 1795 1683 Antoni,
1828 1629 2043 1692 perge,
2076 1619 2143 1673 ut
2168 1613 2495 1677 instituisti.

258 1693 465 1774 Neque
496 1695 656 1755 enim
686 1702 776 1757 est
806 1693 953 1756 boni
981 1712 1177 1775 neque
1205 1694 1471 1757 liberalis
1507 1697 1803 1777 parentis,
1850 1714 2030 1776 quem
2067 1698 2406 1777 procrearis
2436 1708 2496 1761 et

260 1777 570 1851 eduxeriS‚
616 1798 753 1841 eum
796 1797 919 1841 non
950 1787 1010 1841 et
1040 1781 1257 1842 vestire
1288 1787 1348 1842 et
1376 1799 1623 1853 ornare,
1672 1783 2028 1862 praesertim
2071 1800 2209 1846 eum
2238 1790 2299 1844 te
2328 1780 2494 1846 locu-

256 1863 479 1944 pletem
511 1882 643 1926 esse
673 1883 895 1944 negare
925 1882 1046 1927 non
1074 1867 1286 1945 possis.
1346 1864 1520 1938 Quod
1549 1867 1708 1929 enim
1739 1875 2175 1941 ornamentum,
2207 1887 2359 1949 quae
2387 1872 2494 1942 vis,

259 1951 366 2029 qui
393 1950 644 2023 animus,
677 1968 830 2030 quae
860 1950 1117 2030 dignitas
1144 1949 1233 2011 illi
1261 1952 1488 2030 oratori
1512 1951 1716 2024 defuit,
1748 1953 1852 2033 qui
1869 1953 1934 2013 in
1958 1971 2132 2015 causa
2156 1954 2496 2034 peroranda

257 2052 384 2096 non
414 2033 703 2097 dubitavit
732 2037 992 2097 excitare
1019 2054 1192 2098 reum
1222 2035 1598 2100 consularem
1629 2044 1690 2099 et
1730 2038 1857 2100 eius
1887 2036 2202 2101 diloricare
2232 2041 2495 2101 tunicam

259 2126 322 2180 et
348 2119 643 2182 iudicibus
684 2121 993 2183 cicatrices
1032 2121 1311 2183 adversas
1351 2123 1513 2185 senis
1556 2124 1937 2205 imperatoris
1979 2123 2333 2186 ostendere?
2391 2126 2495 2205 qui

257 2204 448 2276 idem,
479 2205 596 2266 hoc
624 2213 940 2269 accusante
969 2206 1258 2288 Sulpicio,
1293 2226 1429 2282 cum
1456 2207 1764 2270 hominem
1794 2208 2140 2272 seditiosum
2170 2208 2491 2271 furiosum·

259 2308 376 2371 que
415 2289 793 2364 defenderet,
845 2310 968 2356 non
1009 2292 1298 2357 dubitavit
1335 2292 1660 2357 seditiones
1699 2293 1859 2374 ipsas
1898 2312 2115 2357 ornare
2145 2312 2215 2356 ac
2246 2294 2494 2358 demon-

2537 1197 2635 1248 123

2535 1623 2636 1675 124

258 2384 451 2438 strare
480 2378 842 2457 gravissimis
870 2378 1084 2452 verbis,
1115 2378 1335 2443 multos
1363 2398 1543 2462 saepe
1572 2381 1831 2461 impetus
1856 2379 2064 2462 populi
2092 2398 2214 2443 non
2240 2381 2494 2444 iniustos
2532 2424 2537 2430 -

326 2612 362 2682 [
359 2632 520 2684 neque
532 2615 780 2668 Graecum
799 2632 961 2684 neque
979 2615 1251 2683 Latinum]
1273 2634 1319 2671 s.

259 2685 312 2736 d.
338 2686 454 2735 krit.
481 2685 719 2752 Anhang.

324 2755 526 2820 itaque,
575 2755 690 2803 eine
725 2752 979 2804 zwischen
1016 2753 1320 2820 eingeseho·

258 2822 393 2871 bene
423 2821 740 2887 Folgerung‚
789 2822 874 2872 die
923 2822 1050 2871 aber
1083 2821 1319 2888 zugleich

258 2889 394 2939 dazu
418 2890 585 2949 dient,
622 2890 741 2939 dem
764 2889 1200 2955 nachfolgenden,
1237 2889 1331 2940 auf

257 2967 429 3007 treuer
437 2957 799 3022 Beobaehtung
819 2956 1150 3009 beruhenden
1167 2958 1325 3009 Urteil

258 3027 352 3075 des
364 3026 619 3076 Antonius
644 3026 725 3076 ein
749 3042 837 3076 um
858 3040 917 3077 so
939 3029 1202 3093 grosseres
1221 3024 1320 3077 Ge-

258 3093 413 3143 wicht
438 3109 503 3144 zu
526 3094 711 3159 geben.

325 3177 544 3226 sperare
575 3162 778 3223 videor,
829 3161 971 3214 Lael.
1006 3163 1066 3224 4,
1115 3172 1190 3225 15,
1239 3162 1322 3212 ich

1424 2621 1785 2685 angeborenen
1810 2618 2071 2684 Anlagen‚
2108 2617 2200 2669 mit
2234 2618 2403 2669 denen
2426 2619 2491 2669 A.

1425 2687 1527 2737 den
1583 2686 2006 2751 demnfiohstigen
2052 2684 2259 2736 Redner
2308 2688 2495 2752 begabt

1423 2756 1614 2804 wissen
1630 2753 1750 2816 will,
1771 2753 1864 2803 auf
1876 2754 1961 2804 dic
1981 2745 2180 2818 φύσιες
2206 2757 2384 2805 aluei-o
2403 2753 2499 2804 anf

1425 2822 1511 2872 die
1568 2822 1892 2887 notwendige
1937 2822 2349 2888 Unterweisung,
2409 2822 2494 2872 die

1426 2880 1741 2957 ἐπιστήμη,
1785 2890 1890 2941 und
1935 2893 2238 2956 confirmare
2279 2889 2374 2941 auf
2409 2890 2495 2940 die

1425 2957 1668 3023 Uebung,
1704 2957 1789 3007 die
1819 2952 2046 3026 μελέτη.
2103 2957 2217 3011 Liv.
2240 2958 2395 3008 XXX
2424 2955 2495 3008 28

1424 3041 1540 3076 eum
1575 3025 1862 3076 Hannibale
1891 3041 2058 3093 prope
2096 3034 2219 3078 nato
2260 3028 2313 3076 in
2345 3041 2495 3093 prae·

1422 3096 1554 3145 torio
1578 3096 1757 3160 patris,
1783 3093 2052 3146 fortissimi
2075 3095 2240 3157 ducis,
2263 3097 2390 3146 alito
2414 3103 2494 3145 at-

1422 3177 1526 3226 que
1549 3164 1768 3214 educato
1790 3163 1925 3213 inter
1949 3177 2105 3214 arma.

256 3230 446 3295 glaube
466 3229 639 3280 hoffcn
666 3246 730 3281 zu
754 3229 958 3282 diirfen.

323 3299 377 3349 in
399 3300 655 3361 memoria,
693 3297 832 3349 Brut.
858 3296 942 3359 37,
969 3307 1045 3350 139
1076 3299 1195 3349 Erat
1217 3314 1326 3348 me-

256 3368 419 3417 moria
442 3381 644 3417 summa
669 3363 769 3432 (sc.
795 3366 1064 3429 Antonio).

322 3437 372 3485 is
394 3436 482 3501 qui
501 3450 609 3485 aum
633 3441 727 3485 etc.
765 3435 815 3484 d.
841 3432 894 3486 h.
924 3434 1087 3484 obwol
1112 3433 1193 3483 ich
1217 3448 1319 3484 we-

257 3503 349 3554 der
379 3502 473 3553 auf
503 3503 603 3554 den
627 3501 795 3553 Ruhm
820 3502 962 3553 eines
985 3501 1320 3568 ausgezeich·
1390 3513 1395 3517 ·

258 3578 412 3621 neten
444 3570 676 3621 Redners
719 3569 854 3621 noch
895 3570 989 3621 anf
1030 3571 1130 3620 den
1178 3570 1322 3620 eines

257 3638 613 3690 bedentenden
622 3638 868 3689 Kritikers
887 3636 1192 3705 Anspriiche
1213 3652 1321 3687 ma-

258 3706 387 3757 cheu
412 3708 580 3771 kann,
617 3721 675 3757 so
706 3706 989 3772 berechtigt
1023 3704 1159 3755 mich
1193 3705 1324 3756 doch

257 3777 371 3825 eine
401 3774 731 3826 umfassende
761 3776 867 3825 und
902 3772 1202 3840 sorgfdltige
1225 3773 1326 3823 Be-

257 3842 574 3909 obachtung,
624 3844 709 3894 die
750 3843 1092 3911 Behauptung
1138 3840 1324 3892 aufzu-

257 3912 442 3962 stellcu
466 3920 563 3963 etc.

326 4005 422 4049 123.
440 3999 600 4064 fingo,
623 3996 720 4046 wie
731 3995 815 4046 ein
823 3994 1320 4063 plastischerKiinst-

257 4065 357 4128 ler,
407 4066 498 4115 der
530 4066 585 4116 in
620 4065 712 4116 der
733 4064 959 4130 Bildung
981 4064 1121 4115 einer
1143 4063 1324 4115 Statue

257 4133 509 4200 begriffen
532 4134 620 4185 ist.

323 4233 514 4270 creare
548 4226 647 4269 ete.
691 4217 807 4268 Von
839 4217 941 4267 den
975 4217 1087 4268 drei
1119 4217 1325 4268 Verhen

256 4285 582 4338 beziehtsich
590 4301 776 4338 creare
798 4284 892 4335 auf
898 4285 981 4337 die
992 4285 1326 4351 natiirlichen,

361 4377 465 4421 c1c.
494 4375 569 4420 DE
599 4377 770 4422 ORAT.
808 4378 849 4421 2.
879 4375 995 4421 Aua.

1492 3272 1585 3316 124.
1611 3264 1852 3323 liber-alth,
1879 3262 2136 3315 liebevoll.
2150 3263 2490 3326 -eduxerie,

1423 3332 1728 3452 {gt-§Asea
1764 3331 1886 3382 VIII
1917 3329 2021 3383 413
2051 3346 2240 3398 parvos
2274 3330 2493 3382 educere

1492 3503 1548 3552 in
1564 3518 1721 3554 causa
1739 3501 2059 3567 peroranda,
2084 3496 2296 3566 §194111
2316 3500 2447 3552 Einl.
2469 3502 2491 3550 1

1484 3569 1575 3631 11,
1610 3579 1703 3621 113.
1749 3585 1795 3623 s.
1820 3569 1928 3620 ind.
1954 3584 1998 3619 s.
2027 3585 2073 3621 ν.
2099 3569 2356 3632 Aquilius.
2405 3569 2491 3620 Or.

1506 3674 1522 3700 ,
1556 3647 1631 3689 131
1673 3652 1768 3688 nec
1804 3651 1927 3688 vero
1962 3637 2290 3687 miseratione
2323 3637 2490 3688 solum

1425 3721 1573 3757 mens
1595 3707 1823 3758 iudicum
1845 3706 2194 3772 permovenda
2212 3714 2292 3755 est
2306 3730 2375 3741 --
2391 3718 2493 3768 qua

1427 3788 1523 3824 nos
1547 3774 1619 3824 ita
1643 3773 1875 3824 dolenter
1897 3774 1970 3824 uti
1995 3773 2248 3833 solemus,
2284 3779 2343 3823 ut
2365 3786 2493 3838 pue·

1423 3857 1539 3893 rum
1573 3841 1820 3893 infantem
1854 3843 1908 3891 in
1933 3842 2171 3892 manibus
2194 3848 2492 3907 perorantes

1425 3910 1766 3972 tenuerimus,
1803 3918 1860 3961 ut
1891 3909 1992 3959 alia
2012 3910 2066 3959 in
2090 3923 2248 3959 eausa
2270 3907 2490 3958 excitato

1423 3992 1513 4029 reo
1549 3978 1732 4040 nobili,
1775 3977 1975 4028 sublato
2012 3978 2164 4028 etiam
2194 3975 2297 4026 filio
2330 3989 2491 4041 parvo

1424 4047 1672 4112 plangore
1709 4053 1762 4095 et
1811 4046 2176 4097 lamentatione
2221 4042 2494 4110 compleri-

1429 4129 1545 4165 mus
1571 4113 1757 4164 forum.

1495 4217 1753 4282 qm‘idem,
1777 4216 1809 4279 5
1834 4213 1932 4267 197
1957 4215 2011 4268 ff.
2036 4214 2167 4267 Einl.
2192 4211 2374 4282 1811,
2399 4222 2493 4266 128.

1418 4284 1697 4349 fur-ioman,
1722 4283 1992 4338 fanatisch.

2006 4374 2089 4440 13
