2930 4693
787 235 887 299 DE
927 233 1283 301 ORATORE
1320 234 1376 297 Π
1415 232 1518 297 63.
1563 241 1871 299 254—256.

2317 239 2441 304 187

206 414 282 468 ut
308 414 446 469 tuus
475 407 719 484 amicus,
751 405 979 476 Crasse,
1012 405 1294 467 Granius:
1326 407 1483 466 ‘non
1515 422 1646 467 esse
1675 404 2006 466 sextantis?
2054 403 2148 483 Et,
2179 405 2230 466 si
2257 423 2439 485 quae·
2471 423 2576 476 254

208 494 361 563 ritiS,
404 494 473 563 is,
520 493 623 572 qui
670 489 1001 571 appellatur
1041 489 1227 561 dicax,
1279 490 1394 551 hoc
1446 507 1668 569 genere
1708 490 1966 552 maxime
2007 488 2282 560 excellet;
2336 491 2441 553 sed

209 579 370 639 risus
419 584 659 640 movent
710 575 824 637 alia
873 575 1149 637 maiores.

1236 573 1595 652 Ambiguum
1645 592 1756 655 per
1802 592 1867 635 se
1917 575 2114 655 ipsum
2153 574 2442 654 probatur

215 662 282 723 id
312 661 572 740 quidem,
615 668 684 722 ut
712 666 850 722 ante
881 659 1020 730 dixi,
1066 658 1159 720 vel
1189 661 1476 729 maxime3
1519 661 1815 737 ingeniosi
1845 661 2003 721 enim
2034 659 2286 730 videtur,
2326 661 2445 721 vim

209 746 381 809 verbi
407 747 473 807 in
500 745 679 817 aliud,
711 752 888 826 atque
920 746 1106 811 ceteri
1135 746 1445 825 accipiant,
1478 763 1653 824 posse
1687 743 1936 815 ducere;
1969 744 2076 806 sed
2104 744 2444 806 admiratio-

209 849 352 893 nem
381 832 572 909 magis
600 849 778 911 quam
807 831 994 892 risum
1023 837 1236 901 movet,
1269 830 1383 892 nisi
1412 830 1467 892 si
1494 828 1729 911 quando
1758 829 1969 891 incidit
1989 829 2053 890 in
2076 828 2234 891 aliud
2258 847 2447 908 genus

210 915 468 978 ridiculi.

369 1001 533 1074 Quae
555 1018 778 1081 genera
805 1016 1155 1080 percurram
1185 999 1480 1080 equidem.
1522 999 1638 1062 Sed
1668 1001 1830 1062 scitis
1859 1017 1990 1063 esse
2019 1000 2392 1061 notissimum
2408 994 2493 1068 63
2509 1007 2612 1058 255

212 1086 454 1149 ridiculi
482 1104 686 1166 genus,
720 1103 855 1147 cum
885 1085 1043 1148 aliud
1073 1093 1499 1165 exspectamus,
1526 1083 1684 1147 aliud
1714 1084 1949 1147 dicitur.
2007 1084 2118 1146 Hic
2148 1083 2447 1147 nobismet

210 1173 358 1252 ipsis
388 1178 592 1233 noster
623 1188 794 1232 error
823 1170 1009 1233 risum
1040 1177 1254 1231 movet.
1345 1169 1569 1242 Quodsi
1602 1170 1925 1232 admixtum
1969 1176 2061 1231 est
2101 1172 2279 1231 etiam
2318 1188 2443 1231 am-

182 1256 483 1335 biguum,
525 1257 591 1317 fit
632 1255 874 1325 salsius:
915 1263 982 1318 ut
1011 1255 1167 1335 apud
1196 1255 1446 1318 Novium
1491 1255 1724 1316 videtur
1767 1274 1897 1318 esse
1941 1255 2283 1318 misericors
2321 1254 2440 1326 ille,

213 1343 319 1422 qui
347 1341 671 1403 iudicatum
702 1340 838 1403 duci
866 1339 1072 1403 videns
1100 1348 1489 1420 percontatur
1516 1342 1626 1402 ita:

775 1425 981 1506 quanti
1010 1425 1312 1488 addictus?
1340 1424 1506 1487 mille
1535 1428 1864 1488 nummum.

215 1511 281 1571 Si
309 1510 634 1572 addidisset
661 1509 1100 1572 tantummodo:

216 1638 373 1744 esset
400 1678 550 1744 illud
578 1697 767 1760 genus
794 1679 1032 1746 ridiculi
1058 1594 1317 1760 Ριὲἕῖιῗ
1329 1593 1864 1760 gix‘ssectationem
1896 1677 2002 1740 sed
2031 1681 2168 1760 quia
2198 1679 2439 1751 addidit,

985 1765 1073 1827 nil
1103 1764 1273 1837 addo,
1307 1766 1489 1827 ducas
1515 1763 1674 1835 ficet,

216 1851 416 1913 addito
447 1850 744 1928 ambiguo,
788 1850 978 1912 altero
1008 1868 1229 1929 genere
1257 1849 1513 1921 ridiculi,
1557 1850 1684 1923 fuit,
1730 1856 1798 1911 ut
1836 1849 1985 1911 mihi
2012 1850 2252 1931 quidem
2280 1849 2442 1911 vide-

214 1944 331 2008 tur,
364 1935 740 1999 salsissimus.

826 1935 952 1997 Hoc
982 1942 1109 1996 tum
1141 1943 1231 1997 est
1258 1936 1753 2008 venustissimum,
1799 1953 1935 1996 cum
1964 1936 2025 1995 in
2058 1934 2443 1997 altercatione

216 2019 510 2101 adripitur
539 2020 613 2081 ab
642 2020 982 2081 adversario
1012 2020 1258 2082 verbum
1290 2028 1350 2082 et
1378 2039 1452 2082 ex
1481 2039 1571 2092 eo,
1603 2029 1668 2083 ut
1697 2039 1731 2081 a
1753 2019 1960 2083 Catulo
1990 2021 2053 2081 in
2083 2019 2442 2100 Philippum,

214 2107 279 2167 in
309 2124 448 2168 eum
475 2107 673 2186 ipsum
702 2104 942 2187 aliquid,
975 2107 1078 2186 qui
1104 2104 1418 2180 lacessivit,
1449 2106 1771 2186 infligitur3
1821 2105 1929 2167 sed
1960 2124 2095 2167 cum
2125 2104 2299 2184 plura
2328 2106 2448 2165 sint
2475 2120 2581 2173 256

218 2300 328 2344 satz
345 2307 448 2344 von
467 2292 741 2357 confixum,
766 2307 872 2343 was
890 2293 1028 2343 daun
1043 2294 1280 2344 Frikasse

218 2363 473 2413 bedenten
513 2362 630 2413 soll.
697 2362 838 2412 Liest
878 2376 1000 2413 man
1029 2362 1282 2424 Nuculam

217 2430 476 2480 confixum
509 2431 590 2482 vis
612 2429 787 2480 facere
818 2430 912 2479 mit
934 2418 1283 2495 Weglassung

217 2513 319 2550 von
344 2514 430 2564 an,
456 2512 513 2548 so
539 2499 730 2549 konnte
756 2496 1012 2547 vielleicht
1035 2499 1128 2548 der
1151 2496 1280 2548 Sinn

217 2566 333 2616 sein
357 2535 479 2630 (?):
508 2567 624 2615 eine
646 2580 704 2615 so
728 2564 872 2615 barte
890 2565 1027 2617 Nuss
1044 2565 1195 2616 willst
1212 2565 1283 2615 du

221 2635 568 2695 zerknacken3
616 2634 683 2684 da
714 2634 808 2682 wir
848 2633 971 2682 aber
1018 2635 1142 2683 eben
1181 2646 1284 2683 von

219 2702 414 2752 diesem
424 2701 622 2751 Nucula
640 2700 807 2750 nichts
817 2700 1023 2763 wissen,
1037 2715 1095 2750 so
1113 2700 1287 2750 bliebe

216 2785 317 2820 uns
341 2768 475 2819 doch
491 2807 506 2831 ‚
541 2767 705 2818 selbst
727 2766 1017 2833 abgesehen
1038 2783 1143 2819 von
1166 2768 1284 2818 dem

218 2837 492 2888 Bedenken
507 2874 522 2899 ,
548 2838 614 2886 ob
638 2835 898 2886 confixum
919 2835 1087 2886 facere
1110 2851 1169 2887 so
1192 2850 1283 2902 ge·-

222 2918 464 2955 nommen
496 2904 700 2954 werden
744 2902 915 2965 diii-fe,
964 2904 1049 2955 die
1092 2903 1284 2955 m‘ihere

220 2971 515 3037 Beziehung
538 2972 707 3023 dieser
726 2971 1051 3038 Anspielung
1072 2974 1284 3024 verbor-

220 3056 339 3107 gen.
388 3040 540 3103 (Dass
567 3041 658 3090 das
681 3038 832 3089 Wort
865 3041 1052 3090 nucula
1084 3041 1138 3090 in
1161 3055 1282 3107 per-

223 3108 564 3159 sissierendem
589 3107 748 3158 Sinne
778 3108 1056 3173 gebraucht
1086 3110 1279 3172 warde,

220 3176 380 3228 seben
401 3178 493 3226 wir
514 3190 607 3226 aus
627 3178 809 3227 Festus
832 3191 885 3242 p.
908 3175 1034 3228 1732
1060 3177 1284 3228 Nuculae

217 3245 575 3295 Praenestinos
662 3244 858 3307 antiqui
937 3244 1281 3310 appellabant,

220 3312 358 3377 quod
378 3312 563 3362 inclusi
587 3325 619 3360 a
640 3310 826 3361 Poenis
852 3310 1062 3362 Casilini
1093 3312 1282 3362 famem

223 3381 439 3513 nucibu5
496 3385 861 3430 sustentarunt.
948 3379 1062 3430 Liv.
1107 3379 1284 3430 xxm

288 3516 624 3578 immons,
645 3512 1014 3577 §wa—non
1032 3529 1143 3565 esse
1160 3529 1285 3566 sea:-

223 3587 379 3637 tantis
422 3607 505 3621 —
538 3581 712 3646 nach
727 3583 846 3633 dem
900 3581 1283 3647 gewohnlichen

222 3653 501 3703 Wortlaut:
530 3652 604 3700 ‘er
626 3651 697 3701 ist
719 3652 908 3701 keinen
930 3649 1100 3701 Heller
1124 3652 1285 3712 wert‚'

222 3724 412 3772 konnte
435 3721 560 3770 aber
579 3717 712 3770 auch
737 3719 969 3783 heissen,
993 3733 1143 3769 wenn
1165 3732 1287 3767 man

224 3805 318 3841 sex
339 3789 495 3839 tantis
512 3787 723 3854 sprach:
751 3786 910 3837 ‘nicht
925 3802 1015 3838 um
1032 3785 1287 3836 sechsmal

225 3858 382 3910 soviel
415 3857 537 3916 feilss
579 3870 684 3906 war
726 3856 834 3906 also
869 3857 942 3906 im
977 3862 1146 3905 ersten
1180 3853 1288 3904 Fau

226 3927 339 3977 eine
368 3925 779 3988 Herabsetzung,
827 3924 900 3973 im
943 3925 1139 3974 andern
1171 3922 1287 3972 eine

225 3991 606 4046 Schmeichelei.
674 3991 778 4041 Der
810 3991 936 4042 Sinn
979 3992 1136 4042 bleibt
1170 3992 1285 4041 der-

226 4063 389 4125 selbe,
432 4075 582 4111 wenn
616 4073 736 4118 man
770 4059 862 4109 das
897 4061 1012 4109 eine
1045 4060 1147 4109 mal
1181 4074 1287 4109 non

227 4146 270 4181 e.
296 4146 339 4181 s.
374 4129 452 4179 als
474 4127 693 4179 lobende
716 4126 909 4177 Litotes
932 4126 1087 4178 fasst:
1132 4126 1289 4177 ‘nicht

226 4200 372 4249 einen
403 4196 703 4260 Psennig‚
749 4194 972 4245 sondern
1007 4197 1120 4247 eine
1151 4210 1286 4261 ganz

225 4268 438 4329 andere,
462 4264 653 4317 hohen-e
678 4263 926 4317 Summe.’

1449 2299 1546 2342 254.
1583 2292 1766 2344 incidit
1785 2317 1852 2327 —
1877 2290 2319 2345 ‘zusammentrifft
2340 2291 2449 2341 mit·

1383 2388 1449 2399 —-
1473 2376 1658 2412 wovon
1680 2360 1849 2427 gleich
1873 2361 1955 2411 ein
1971 2360 2193 2427 Beispiel
2216 2361 2449 2426 gegeben

1382 2429 1527 2480 wird.

1450 2496 1538 2557 63,
1556 2506 1650 2550 255.
1673 2497 2331 2561 manaliudeoespectamus,
2357 2496 2451 2547 das
2547 2542 2558 2545 ,

1384 2533 1840 2631 ἀπροσδόκητον.

1449 2634 1745 2685 misericors
1767 2642 1882 2693 etc„
1907 2647 1953 2683 s.
1977 2631 2084 2682 ind.
2111 2630 2363 2683 addictus.

1451 2703 1584 2751 mille
1612 2702 1850 2751 aunuatim
1891 2715 1965 2751 sc.
1999 2699 2291 2750 sestertium
2337 2696 2456 2764 (se-

1384 2766 1740 2834 stertiorum),
1785 2768 1896 2819 also
1930 2783 1975 2819 c.
2012 2767 2080 2819 50
2111 2767 2295 2819 Thaler
2328 2769 2453 2819 oder

1384 2834 1453 2886 88
1477 2836 1691 2887 Gulden.
1743 2835 1951 2887 Schultz
1974 2834 2008 2902 S
2030 2834 2150 2900 484,
2174 2838 2209 2887 2
2232 2837 2271 2891 f.

1452 2906 1614 2956 duca‘s
1660 2905 1779 2954 licet
1823 2930 1891 2941 ·-—
1937 2919 2013 2954 wo
2057 2919 2176 2954 man
2220 2913 2455 2956 erwartet

1383 2972 1550 3024 hatte:
1575 2980 1694 3037 gut,
1719 2971 1868 3023 daffir
1889 2971 2090 3024 behalte
2111 2972 2195 3022 ich
2217 2972 2328 3024 ihu.

1452 3041 1580 3091 nihil
1600 3041 1738 3091 addo
1763 3067 1828 3076 —
1852 3039 1946 3090 mit
1969 3041 2085 3090 dem
2105 3041 2448 3107 Doppelsinn:

1385 3110 1658 3159 verborum
1683 3108 1806 3159 oder
1827 3110 2102 3175 pecuniae,
2138 3110 2250 3160 also
2281 3110 2335 3159 in
2360 3110 2452 3159 der

1385 3176 1876 3243 Auctionssprache:
1898 3176 1982 3226 ich
1997 3175 2133 3227 habe
2149 3176 2317 3227 nichts
2334 3178 2454 3227 wei-

1385 3255 1461 3294 ter
1496 3244 1727 3309 dagegen
1770 3243 2138 3295 einzuwenden
2180 3245 2318 3295 und:
2368 3244 2451 3292 ich

1384 3314 1517 3377 gebe
1539 3310 1705 3362 nichts
1729 3310 1890 3373 mehr,
1915 3312 2074 3361 worin
2100 3310 2333 3376 zugleich
2357 3311 2452 3360 lie-

1385 3394 1488 3445 gen
1511 3380 1728 3431 konute:
1757 3378 1847 3429 der
1868 3380 1936 3428 ist
1959 3377 2140 3429 tbener
2161 3393 2335 3443 genug
2361 3378 2453 3426 be-

1387 3448 1491 3497 zalt
1512 3447 1697 3513 (daher
1720 3446 2078 3510 salsissimus).
2092 3445 2262 3496 -Die
2271 3446 2451 3495 Worte

1386 3530 1687 3566 zusammen
1710 3514 1883 3565 bilden
1907 3514 2147 3580 iibrigens
2173 3515 2323 3564 einen
2344 3521 2453 3564 tro-

1383 3582 1663 3634 chaischen
1685 3581 1964 3648 Septenar:

1452 3650 1631 3731 quanti
1662 3650 1936 3700 addictus?
1991 3647 2132 3700 mille
2165 3649 2449 3712 nummum,

1523 3716 1593 3769 nil
1616 3717 1771 3780 addc,
1795 3718 1956 3768 ducas
1981 3718 2117 3770 licet.

1440 3790 1610 3838 altero
1624 3800 1815 3866 qenere
1830 3787 2049 3849 ridiculi,
2068 3801 2218 3838 wenn
2227 3799 2345 3835 man
2357 3784 2451 3836 das

1385 3845 1820 3920 ἆτροσὸοκητον
1840 3854 1918 3905 als
1939 3855 2163 3921 primum
2187 3855 2383 3905 nimmt.

1452 3925 1512 3975 in
1531 3923 1834 3987 Plduppwn,
1861 3920 1894 3984 ὃ
1917 3920 2037 3973 220.

1453 3999 1551 4041 256.
1601 3993 1757 4055 plura
1996 3994 2018 4041 i
2054 4005 2276 4056 yenera,
2335 4003 2456 4039 ver-

1387 4057 1666 4110 schiedene
1700 4057 1943 4109 Nuancen
1998 4058 2090 4109 des
2133 4058 2450 4122 ambiguum.

1388 4126 1485 4177 Um
1518 4140 1576 4176 so
1617 4123 1869 4177 schwerer
1899 4128 2021 4186 ists,
2065 4126 2316 4192 jedesmal
2358 4127 2452 4177 das

1387 4193 1582 4244 Rechte
1606 4209 1672 4243 zu
1693 4195 1892 4246 treffen.
1918 4197 1951 4257 §
1978 4192 2074 4244 111
2098 4195 2455 4260 ambiguorum

1386 4269 1561 4314 autem
1582 4276 1700 4313 cum
1734 4264 1885 4330 plura
1912 4278 2104 4330 genera
2133 4272 2280 4326 sunt,
2322 4276 2456 4327 qnae

1916 4350 2049 4416 16*
