<?xml version="1.0" encoding="UTF-8"?>
<!DOCTYPE html PUBLIC "-//W3C//DTD XHTML 1.0 Transitional//EN"
    "http://www.w3.org/TR/xhtml1/DTD/xhtml1-transitional.dtd">
<html xmlns="http://www.w3.org/1999/xhtml" xml:lang="en" lang="en">
 <head>
  <title>
</title>
<meta http-equiv="Content-Type" content="text/html;charset=utf-8" />
  <meta name='ocr-system' content='tesseract 3.04.00' />
  <meta name='ocr-capabilities' content='ocr_page ocr_carea ocr_par ocr_line ocrx_word'/>
</head>
<body>
  <div class='ocr_page' id='page_1' title='image "./deoratore00pidegoog_0303.png"; bbox 0 0 2930 4693; ppageno 0'>
   <div class='ocr_carea' id='block_1_1' title="bbox 877 199 1863 265">
    <p class='ocr_par' dir='ltr' id='par_1_1' title="bbox 877 199 1863 265">
     <span class='ocr_line' id='line_1_1' title="bbox 877 199 1863 265; baseline 0.001 -3"><span class='ocrx_word' id='word_1_1' title='bbox 877 200 975 262; x_wconf 86' lang='lat' dir='ltr'><strong>DE</strong></span> <span class='ocrx_word' id='word_1_2' title='bbox 1019 199 1376 263; x_wconf 85' lang='lat' dir='ltr'><strong>ORATORE</strong></span> <span class='ocrx_word' id='word_1_3' title='bbox 1414 200 1497 263; x_wconf 88' lang='lat'><strong>111</strong></span> <span class='ocrx_word' id='word_1_4' title='bbox 1538 202 1598 265; x_wconf 85' lang='lat'><strong>9.</strong></span> <span class='ocrx_word' id='word_1_5' title='bbox 1645 209 1731 263; x_wconf 80' lang='lat'><strong>32.</strong></span> <span class='ocrx_word' id='word_1_6' title='bbox 1777 207 1863 263; x_wconf 78' lang='lat'><strong>33.</strong></span> 
     </span>
    </p>
   </div>
   <div class='ocr_carea' id='block_1_2' title="bbox 2362 210 2581 298">
    <p class='ocr_par' dir='ltr' id='par_1_2' title="bbox 2362 210 2581 298">
     <span class='ocr_line' id='line_1_2' title="bbox 2362 210 2581 298; baseline 0.014 -27"><span class='ocrx_word' id='word_1_7' title='bbox 2362 210 2487 274; x_wconf 79' lang='lat'><strong>235</strong></span> <span class='ocrx_word' id='word_1_8' title='bbox 2568 289 2581 298; x_wconf 76' lang='lat'>‚</span> 
     </span>
    </p>
   </div>
   <div class='ocr_carea' id='block_1_3' title="bbox 254 366 2491 706">
    <p class='ocr_par' dir='ltr' id='par_1_3' title="bbox 254 366 2491 706">
     <span class='ocr_line' id='line_1_3' title="bbox 254 366 2489 454; baseline 0.002 -23"><span class='ocrx_word' id='word_1_9' title='bbox 254 388 447 454; x_wconf 83' lang='lat' dir='ltr'><strong>prope</strong></span> <span class='ocrx_word' id='word_1_10' title='bbox 488 368 764 449; x_wconf 80' lang='lat' dir='ltr'><strong>aequales</strong></span> <span class='ocrx_word' id='word_1_11' title='bbox 804 366 1098 448; x_wconf 81' lang='lat' dir='ltr'><strong>Sulpicius</strong></span> <span class='ocrx_word' id='word_1_12' title='bbox 1139 375 1200 429; x_wconf 86' lang='lat' dir='ltr'><strong>et</strong></span> <span class='ocrx_word' id='word_1_13' title='bbox 1229 368 1415 431; x_wconf 86' lang='lat' dir='ltr'><strong>Cotta.</strong></span> <span class='ocrx_word' id='word_1_14' title='bbox 1506 369 1659 440; x_wconf 89' lang='lat' dir='ltr'>Quid</span> <span class='ocrx_word' id='word_1_15' title='bbox 1701 376 1820 431; x_wconf 85' lang='lat' dir='ltr'><strong>tam</strong></span> <span class='ocrx_word' id='word_1_16' title='bbox 1863 372 2022 432; x_wconf 88' lang='lat' dir='ltr'><strong>inter</strong></span> <span class='ocrx_word' id='word_1_17' title='bbox 2065 390 2128 434; x_wconf 90' lang='lat' dir='ltr'><strong>se</strong></span> <span class='ocrx_word' id='word_1_18' title='bbox 2173 373 2489 436; x_wconf 72' lang='lat' dir='ltr'><strong>dissimile?</strong></span> 
     </span>
     <span class='ocr_line' id='line_1_4' title="bbox 256 453 2489 536; baseline 0.002 -20"><span class='ocrx_word' id='word_1_19' title='bbox 256 455 397 536; x_wconf 88' lang='lat' dir='ltr'><strong>quid</strong></span> <span class='ocrx_word' id='word_1_20' title='bbox 428 463 549 516; x_wconf 90' lang='lat' dir='ltr'><strong>tam</strong></span> <span class='ocrx_word' id='word_1_21' title='bbox 577 456 642 514; x_wconf 92' lang='lat' dir='ltr'><strong>in</strong></span> <span class='ocrx_word' id='word_1_22' title='bbox 672 473 779 515; x_wconf 88' lang='lat' dir='ltr'><strong>suo</strong></span> <span class='ocrx_word' id='word_1_23' title='bbox 811 470 1032 532; x_wconf 81' lang='lat' dir='ltr'><strong>genere</strong></span> <span class='ocrx_word' id='word_1_24' title='bbox 1061 453 1406 532; x_wconf 83' lang='lat' dir='ltr'><strong>praestans?</strong></span> <span class='ocrx_word' id='word_1_25' title='bbox 1462 453 1728 516; x_wconf 81' lang='lat' dir='ltr'><strong>Limatus</strong></span> <span class='ocrx_word' id='word_1_26' title='bbox 1771 454 1919 516; x_wconf 83' lang='lat' dir='ltr'><strong>alter</strong></span> <span class='ocrx_word' id='word_1_27' title='bbox 1961 463 2020 517; x_wconf 82' lang='lat' dir='ltr'><strong>et</strong></span> <span class='ocrx_word' id='word_1_28' title='bbox 2059 456 2309 528; x_wconf 80' lang='lat' dir='ltr'><strong>subtiliS,</strong></span> <span class='ocrx_word' id='word_1_29' title='bbox 2358 478 2489 521; x_wconf 91' lang='lat' dir='ltr'><strong>rem</strong></span> 
     </span>
     <span class='ocr_line' id='line_1_5' title="bbox 258 536 2490 621; baseline 0.001 -20"><span class='ocrx_word' id='word_1_30' title='bbox 258 539 560 619; x_wconf 79' lang='lat' dir='ltr'><strong>explicans</strong></span> <span class='ocrx_word' id='word_1_31' title='bbox 588 540 849 617; x_wconf 85' lang='lat' dir='ltr'><strong>propriis</strong></span> <span class='ocrx_word' id='word_1_32' title='bbox 879 539 1147 617; x_wconf 83' lang='lat' dir='ltr'><strong>aptisque</strong></span> <span class='ocrx_word' id='word_1_33' title='bbox 1175 536 1390 598; x_wconf 82' lang='lat' dir='ltr'><strong>verbiS.</strong></span> <span class='ocrx_word' id='word_1_34' title='bbox 1441 537 1663 599; x_wconf 86' lang='lat' dir='ltr'><strong>Haeret</strong></span> <span class='ocrx_word' id='word_1_35' title='bbox 1689 540 1752 599; x_wconf 92' lang='lat' dir='ltr'><strong>in</strong></span> <span class='ocrx_word' id='word_1_36' title='bbox 1783 557 1958 600; x_wconf 88' lang='lat' dir='ltr'><strong>causa</strong></span> <span class='ocrx_word' id='word_1_37' title='bbox 1989 559 2228 619; x_wconf 84' lang='lat' dir='ltr'><strong>semper</strong></span> <span class='ocrx_word' id='word_1_38' title='bbox 2259 550 2318 603; x_wconf 89' lang='lat' dir='ltr'><strong>et</strong></span> <span class='ocrx_word' id='word_1_39' title='bbox 2348 543 2490 621; x_wconf 89' lang='lat' dir='ltr'><strong>quid</strong></span> 
     </span>
     <span class='ocr_line' id='line_1_6' title="bbox 255 621 2491 706; baseline 0.001 -21"><span class='ocrx_word' id='word_1_40' title='bbox 255 624 440 685; x_wconf 88' lang='lat' dir='ltr'><strong>iudici</strong></span> <span class='ocrx_word' id='word_1_41' title='bbox 481 621 856 702; x_wconf 86' lang='lat' dir='ltr'><strong>probandum</strong></span> <span class='ocrx_word' id='word_1_42' title='bbox 898 624 975 683; x_wconf 89' lang='lat' dir='ltr'><strong>sit</strong></span> <span class='ocrx_word' id='word_1_43' title='bbox 1015 639 1151 682; x_wconf 90' lang='lat' dir='ltr'><strong>cum</strong></span> <span class='ocrx_word' id='word_1_44' title='bbox 1192 622 1530 683; x_wconf 84' lang='lat' dir='ltr'><strong>acutissime</strong></span> <span class='ocrx_word' id='word_1_45' title='bbox 1570 623 1732 694; x_wconf 84' lang='lat' dir='ltr'><strong>vidit,</strong></span> <span class='ocrx_word' id='word_1_46' title='bbox 1784 625 2017 685; x_wconf 90' lang='lat' dir='ltr'><strong>omissis</strong></span> <span class='ocrx_word' id='word_1_47' title='bbox 2059 627 2272 687; x_wconf 86' lang='lat' dir='ltr'><strong>ceteris</strong></span> <span class='ocrx_word' id='word_1_48' title='bbox 2316 644 2491 706; x_wconf 86' lang='lat' dir='ltr'><strong>argu-</strong></span> 
     </span>
    </p>
   </div>
   <div class='ocr_carea' id='block_1_4' title="bbox 167 705 1723 785">
    <p class='ocr_par' dir='ltr' id='par_1_4' title="bbox 167 705 1723 785">
     <span class='ocr_line' id='line_1_7' title="bbox 167 705 1723 785; baseline -0.002 -15"><span class='ocrx_word' id='word_1_49' title='bbox 167 749 172 754; x_wconf 81' lang='lat'><strong>·</strong></span> <span class='ocrx_word' id='word_1_50' title='bbox 254 709 492 777; x_wconf 85' lang='lat' dir='ltr'><strong>mentis,</strong></span> <span class='ocrx_word' id='word_1_51' title='bbox 528 708 592 767; x_wconf 90' lang='lat' dir='ltr'><strong>in</strong></span> <span class='ocrx_word' id='word_1_52' title='bbox 625 725 695 767; x_wconf 92' lang='lat' dir='ltr'><strong>eo</strong></span> <span class='ocrx_word' id='word_1_53' title='bbox 726 713 987 767; x_wconf 86' lang='lat' dir='ltr'><strong>mentem</strong></span> <span class='ocrx_word' id='word_1_54' title='bbox 1018 706 1471 784; x_wconf 83' lang='lat' dir='ltr'><strong>orationemque</strong></span> <span class='ocrx_word' id='word_1_55' title='bbox 1503 705 1723 785; x_wconf 82' lang='lat' dir='ltr'><strong>defigit.</strong></span> 
     </span>
    </p>
   </div>
   <div class='ocr_carea' id='block_1_5' title="bbox 1813 707 2492 788">
    <p class='ocr_par' dir='ltr' id='par_1_5' title="bbox 1813 707 2492 788">
     <span class='ocr_line' id='line_1_8' title="bbox 1813 707 2492 788; baseline 0.004 -20"><span class='ocrx_word' id='word_1_56' title='bbox 1813 707 2108 788; x_wconf 80' lang='lat' dir='ltr'><strong>Sulpicius</strong></span> <span class='ocrx_word' id='word_1_57' title='bbox 2139 717 2338 771; x_wconf 85' lang='lat' dir='ltr'><strong>autem</strong></span> <span class='ocrx_word' id='word_1_58' title='bbox 2368 712 2492 772; x_wconf 82' lang='lat' dir='ltr'><strong>for-</strong></span> 
     </span>
    </p>
   </div>
   <div class='ocr_carea' id='block_1_6' title="bbox 256 788 2494 1038">
    <p class='ocr_par' dir='ltr' id='par_1_6' title="bbox 256 788 2494 1038">
     <span class='ocr_line' id='line_1_9' title="bbox 258 788 2494 870; baseline 0.001 -16"><span class='ocrx_word' id='word_1_59' title='bbox 258 794 486 854; x_wconf 86' lang='lat' dir='ltr'><strong>tissimo</strong></span> <span class='ocrx_word' id='word_1_60' title='bbox 516 790 775 870; x_wconf 90' lang='lat' dir='ltr'><strong>quodam</strong></span> <span class='ocrx_word' id='word_1_61' title='bbox 806 791 989 850; x_wconf 90' lang='lat' dir='ltr'><strong>animi</strong></span> <span class='ocrx_word' id='word_1_62' title='bbox 1015 791 1262 868; x_wconf 87' lang='lat' dir='ltr'><strong>impetu,</strong></span> <span class='ocrx_word' id='word_1_63' title='bbox 1306 788 1649 869; x_wconf 90' lang='lat' dir='ltr'><strong>plenissima</strong></span> <span class='ocrx_word' id='word_1_64' title='bbox 1681 799 1740 852; x_wconf 92' lang='lat' dir='ltr'><strong>et</strong></span> <span class='ocrx_word' id='word_1_65' title='bbox 1768 794 2024 853; x_wconf 85' lang='lat' dir='ltr'><strong>maxima</strong></span> <span class='ocrx_word' id='word_1_66' title='bbox 2054 812 2216 866; x_wconf 89' lang='lat' dir='ltr'><strong>voce,</strong></span> <span class='ocrx_word' id='word_1_67' title='bbox 2263 812 2494 856; x_wconf 86' lang='lat' dir='ltr'><strong>summa</strong></span> 
     </span>
     <span class='ocr_line' id='line_1_10' title="bbox 257 874 2494 958; baseline 0.002 -21"><span class='ocrx_word' id='word_1_68' title='bbox 257 877 638 938; x_wconf 78' lang='lat' dir='ltr'><strong>contentione</strong></span> <span class='ocrx_word' id='word_1_69' title='bbox 668 875 940 954; x_wconf 83' lang='lat' dir='ltr'><strong>corporis</strong></span> <span class='ocrx_word' id='word_1_70' title='bbox 969 881 1030 934; x_wconf 85' lang='lat' dir='ltr'><strong>et</strong></span> <span class='ocrx_word' id='word_1_71' title='bbox 1058 875 1342 952; x_wconf 87' lang='lat' dir='ltr'><strong>dignitate</strong></span> <span class='ocrx_word' id='word_1_72' title='bbox 1373 881 1586 945; x_wconf 79' lang='lat' dir='ltr'><strong>motuS,</strong></span> <span class='ocrx_word' id='word_1_73' title='bbox 1631 874 1949 937; x_wconf 86' lang='lat' dir='ltr'><strong>verborum</strong></span> <span class='ocrx_word' id='word_1_74' title='bbox 1992 896 2227 957; x_wconf 88' lang='lat' dir='ltr'><strong>quoque</strong></span> <span class='ocrx_word' id='word_1_75' title='bbox 2256 897 2327 940; x_wconf 88' lang='lat' dir='ltr'><strong>ea</strong></span> <span class='ocrx_word' id='word_1_76' title='bbox 2357 896 2494 958; x_wconf 87' lang='lat' dir='ltr'><strong>gra-</strong></span> 
     </span>
     <span class='ocr_line' id='line_1_11' title="bbox 256 957 2494 1038; baseline 0.001 -17"><span class='ocrx_word' id='word_1_77' title='bbox 256 963 436 1022; x_wconf 81' lang='lat' dir='ltr'><strong>vitate</strong></span> <span class='ocrx_word' id='word_1_78' title='bbox 477 966 538 1020; x_wconf 88' lang='lat' dir='ltr'><strong>et</strong></span> <span class='ocrx_word' id='word_1_79' title='bbox 579 960 749 1038; x_wconf 93' lang='lat' dir='ltr'><strong>copia</strong></span> <span class='ocrx_word' id='word_1_80' title='bbox 792 967 897 1028; x_wconf 89' lang='lat' dir='ltr'><strong>est,</strong></span> <span class='ocrx_word' id='word_1_81' title='bbox 944 966 1011 1019; x_wconf 87' lang='lat' dir='ltr'><strong>ut</strong></span> <span class='ocrx_word' id='word_1_82' title='bbox 1050 976 1205 1019; x_wconf 89' lang='lat' dir='ltr'><strong>unus</strong></span> <span class='ocrx_word' id='word_1_83' title='bbox 1245 957 1321 1019; x_wconf 89' lang='lat' dir='ltr'><strong>ad</strong></span> <span class='ocrx_word' id='word_1_84' title='bbox 1352 959 1671 1020; x_wconf 89' lang='lat' dir='ltr'><strong>dicendum</strong></span> <span class='ocrx_word' id='word_1_85' title='bbox 1699 961 2189 1023; x_wconf 82' lang='lat' dir='ltr'><strong>instructissimus</strong></span> <span class='ocrx_word' id='word_1_86' title='bbox 2220 981 2253 1025; x_wconf 85' lang='lat' dir='ltr'><strong>a</strong></span> <span class='ocrx_word' id='word_1_87' title='bbox 2281 971 2494 1024; x_wconf 87' lang='lat' dir='ltr'><strong>natura</strong></span> 
     </span>
    </p>
   </div>
   <div class='ocr_carea' id='block_1_7' title="bbox 258 1043 703 1107">
    <p class='ocr_par' dir='ltr' id='par_1_7' title="bbox 258 1043 703 1107">
     <span class='ocr_line' id='line_1_12' title="bbox 258 1043 703 1107; baseline -0.009 0"><span class='ocrx_word' id='word_1_88' title='bbox 258 1064 389 1107; x_wconf 88' lang='lat' dir='ltr'><strong>esse</strong></span> <span class='ocrx_word' id='word_1_89' title='bbox 418 1043 703 1105; x_wconf 80' lang='lat' dir='ltr'><strong>videatur.</strong></span> 
     </span>
    </p>
   </div>
   <div class='ocr_carea' id='block_1_8' title="bbox 791 1042 2665 1125">
    <p class='ocr_par' dir='ltr' id='par_1_8' title="bbox 791 1042 2665 1125">
     <span class='ocr_line' id='line_1_13' title="bbox 791 1042 2665 1125; baseline 0.004 -22"><span class='ocrx_word' id='word_1_90' title='bbox 791 1042 882 1103; x_wconf 83' lang='lat' dir='ltr'><strong>Ad</strong></span> <span class='ocrx_word' id='word_1_91' title='bbox 911 1049 1147 1104; x_wconf 89' lang='lat' dir='ltr'><strong>nosmet</strong></span> <span class='ocrx_word' id='word_1_92' title='bbox 1173 1044 1334 1122; x_wconf 89' lang='lat' dir='ltr'><strong>ipsos</strong></span> <span class='ocrx_word' id='word_1_93' title='bbox 1362 1043 1482 1104; x_wconf 89' lang='lat' dir='ltr'><strong>iam</strong></span> <span class='ocrx_word' id='word_1_94' title='bbox 1512 1051 1800 1114; x_wconf 86' lang='lat' dir='ltr'><strong>revertor,</strong></span> <span class='ocrx_word' id='word_1_95' title='bbox 1845 1048 2124 1125; x_wconf 87' lang='lat' dir='ltr'><strong>quoniam</strong></span> <span class='ocrx_word' id='word_1_96' title='bbox 2155 1048 2240 1108; x_wconf 92' lang='lat' dir='ltr'><strong>sic</strong></span> <span class='ocrx_word' id='word_1_97' title='bbox 2268 1048 2489 1110; x_wconf 82' lang='lat' dir='ltr'><strong>fuimus</strong></span> <span class='ocrx_word' id='word_1_98' title='bbox 2527 1045 2565 1120; x_wconf 86' lang='grc'><strong>9</strong></span> <span class='ocrx_word' id='word_1_99' title='bbox 2595 1058 2665 1110; x_wconf 81' lang='lat'><strong>32</strong></span> 
     </span>
    </p>
   </div>
   <div class='ocr_carea' id='block_1_9' title="bbox 256 1127 2499 1879">
    <p class='ocr_par' dir='ltr' id='par_1_9' title="bbox 256 1127 2499 1879">
     <span class='ocr_line' id='line_1_14' title="bbox 257 1127 2492 1212; baseline 0.001 -21"><span class='ocrx_word' id='word_1_100' title='bbox 257 1146 500 1208; x_wconf 85' lang='lat' dir='ltr'><strong>semper</strong></span> <span class='ocrx_word' id='word_1_101' title='bbox 528 1128 872 1205; x_wconf 85' lang='lat' dir='ltr'><strong>comparati,</strong></span> <span class='ocrx_word' id='word_1_102' title='bbox 915 1134 982 1188; x_wconf 88' lang='lat' dir='ltr'><strong>ut</strong></span> <span class='ocrx_word' id='word_1_103' title='bbox 1009 1127 1319 1188; x_wconf 90' lang='lat' dir='ltr'><strong>hominum</strong></span> <span class='ocrx_word' id='word_1_104' title='bbox 1347 1128 1934 1208; x_wconf 80' lang='lat' dir='ltr'><strong>sermonibusquasi</strong></span> <span class='ocrx_word' id='word_1_105' title='bbox 1962 1131 2025 1190; x_wconf 91' lang='lat' dir='ltr'><strong>in</strong></span> <span class='ocrx_word' id='word_1_106' title='bbox 2067 1129 2307 1212; x_wconf 80' lang='lat' dir='ltr'><strong>aliquod</strong></span> <span class='ocrx_word' id='word_1_107' title='bbox 2348 1150 2492 1193; x_wconf 91' lang='lat' dir='ltr'><strong>con-</strong></span> 
     </span>
     <span class='ocr_line' id='line_1_15' title="bbox 256 1211 2495 1294; baseline 0.001 -19"><span class='ocrx_word' id='word_1_108' title='bbox 256 1213 541 1275; x_wconf 90' lang='lat' dir='ltr'><strong>tentionis</strong></span> <span class='ocrx_word' id='word_1_109' title='bbox 567 1211 850 1272; x_wconf 86' lang='lat' dir='ltr'><strong>iudicium</strong></span> <span class='ocrx_word' id='word_1_110' title='bbox 879 1228 1256 1272; x_wconf 85' lang='lat' dir='ltr'><strong>vocaremur:</strong></span> <span class='ocrx_word' id='word_1_111' title='bbox 1302 1212 1441 1292; x_wconf 91' lang='lat' dir='ltr'><strong>quid</strong></span> <span class='ocrx_word' id='word_1_112' title='bbox 1474 1218 1596 1273; x_wconf 87' lang='lat' dir='ltr'><strong>tam</strong></span> <span class='ocrx_word' id='word_1_113' title='bbox 1640 1212 1922 1274; x_wconf 87' lang='lat' dir='ltr'><strong>dissimile</strong></span> <span class='ocrx_word' id='word_1_114' title='bbox 1953 1233 2130 1293; x_wconf 89' lang='lat' dir='ltr'><strong>quam</strong></span> <span class='ocrx_word' id='word_1_115' title='bbox 2173 1232 2283 1294; x_wconf 86' lang='lat' dir='ltr'><strong>ego</strong></span> <span class='ocrx_word' id='word_1_116' title='bbox 2313 1217 2376 1277; x_wconf 91' lang='lat' dir='ltr'><strong>in</strong></span> <span class='ocrx_word' id='word_1_117' title='bbox 2406 1217 2495 1277; x_wconf 92' lang='lat' dir='ltr'><strong>di·</strong></span> 
     </span>
     <span class='ocr_line' id='line_1_16' title="bbox 259 1294 2495 1379; baseline 0.001 -20"><span class='ocrx_word' id='word_1_118' title='bbox 259 1296 451 1359; x_wconf 91' lang='lat' dir='ltr'><strong>cendo</strong></span> <span class='ocrx_word' id='word_1_119' title='bbox 497 1302 557 1356; x_wconf 88' lang='lat' dir='ltr'><strong>et</strong></span> <span class='ocrx_word' id='word_1_120' title='bbox 583 1295 908 1356; x_wconf 75' lang='lat' dir='ltr'><strong>Antonius?</strong></span> <span class='ocrx_word' id='word_1_121' title='bbox 962 1314 1098 1356; x_wconf 90' lang='lat' dir='ltr'><strong>cum</strong></span> <span class='ocrx_word' id='word_1_122' title='bbox 1126 1294 1228 1355; x_wconf 90' lang='lat' dir='ltr'><strong>ille</strong></span> <span class='ocrx_word' id='word_1_123' title='bbox 1256 1297 1309 1356; x_wconf 91' lang='lat' dir='ltr'><strong>is</strong></span> <span class='ocrx_word' id='word_1_124' title='bbox 1338 1297 1415 1357; x_wconf 91' lang='lat' dir='ltr'><strong>sit</strong></span> <span class='ocrx_word' id='word_1_125' title='bbox 1443 1303 1678 1366; x_wconf 85' lang='lat' dir='ltr'><strong>orator,</strong></span> <span class='ocrx_word' id='word_1_126' title='bbox 1732 1304 1800 1358; x_wconf 94' lang='lat' dir='ltr'><strong>ut</strong></span> <span class='ocrx_word' id='word_1_127' title='bbox 1839 1297 1989 1358; x_wconf 89' lang='lat' dir='ltr'><strong>nihil</strong></span> <span class='ocrx_word' id='word_1_128' title='bbox 2035 1317 2105 1358; x_wconf 93' lang='lat' dir='ltr'><strong>eo</strong></span> <span class='ocrx_word' id='word_1_129' title='bbox 2145 1301 2334 1379; x_wconf 88' lang='lat' dir='ltr'><strong>possit</strong></span> <span class='ocrx_word' id='word_1_130' title='bbox 2364 1319 2495 1362; x_wconf 90' lang='lat' dir='ltr'><strong>esse</strong></span> 
     </span>
     <span class='ocr_line' id='line_1_17' title="bbox 259 1381 2496 1461; baseline 0.002 -20"><span class='ocrx_word' id='word_1_131' title='bbox 259 1381 685 1461; x_wconf 82' lang='lat' dir='ltr'><strong>praestantius;</strong></span> <span class='ocrx_word' id='word_1_132' title='bbox 717 1396 829 1457; x_wconf 85' lang='lat' dir='ltr'><strong>ego</strong></span> <span class='ocrx_word' id='word_1_133' title='bbox 860 1385 1077 1451; x_wconf 86' lang='lat' dir='ltr'><strong>autem,</strong></span> <span class='ocrx_word' id='word_1_134' title='bbox 1110 1396 1468 1459; x_wconf 88' lang='lat' dir='ltr'><strong>quamquam</strong></span> <span class='ocrx_word' id='word_1_135' title='bbox 1497 1388 1720 1441; x_wconf 88' lang='lat' dir='ltr'><strong>memet</strong></span> <span class='ocrx_word' id='word_1_136' title='bbox 1746 1383 1867 1442; x_wconf 87' lang='lat' dir='ltr'><strong>mei</strong></span> <span class='ocrx_word' id='word_1_137' title='bbox 1896 1384 2180 1459; x_wconf 85' lang='lat' dir='ltr'><strong>poenitet,</strong></span> <span class='ocrx_word' id='word_1_138' title='bbox 2213 1403 2350 1445; x_wconf 91' lang='lat' dir='ltr'><strong>cum</strong></span> <span class='ocrx_word' id='word_1_139' title='bbox 2379 1384 2496 1446; x_wconf 91' lang='lat' dir='ltr'><strong>hoc</strong></span> 
     </span>
     <span class='ocr_line' id='line_1_18' title="bbox 262 1464 2499 1545; baseline 0.001 -18"><span class='ocrx_word' id='word_1_140' title='bbox 262 1466 521 1527; x_wconf 85' lang='lat' dir='ltr'><strong>maxime</strong></span> <span class='ocrx_word' id='word_1_141' title='bbox 554 1469 756 1524; x_wconf 86' lang='lat' dir='ltr'><strong>tamen</strong></span> <span class='ocrx_word' id='word_1_142' title='bbox 781 1464 844 1524; x_wconf 91' lang='lat' dir='ltr'><strong>in</strong></span> <span class='ocrx_word' id='word_1_143' title='bbox 874 1465 1320 1542; x_wconf 87' lang='lat' dir='ltr'><strong>comparatione</strong></span> <span class='ocrx_word' id='word_1_144' title='bbox 1364 1465 1713 1543; x_wconf 87' lang='lat' dir='ltr'><strong>coniungar.</strong></span> <span class='ocrx_word' id='word_1_145' title='bbox 1799 1465 2119 1537; x_wconf 84' lang='lat' dir='ltr'><strong>Videtisne,</strong></span> <span class='ocrx_word' id='word_1_146' title='bbox 2164 1484 2352 1545; x_wconf 86' lang='lat' dir='ltr'><strong>genus</strong></span> <span class='ocrx_word' id='word_1_147' title='bbox 2382 1468 2499 1531; x_wconf 89' lang='lat' dir='ltr'><strong>hoc</strong></span> 
     </span>
     <span class='ocr_line' id='line_1_19' title="bbox 260 1547 2496 1631; baseline 0.002 -22"><span class='ocrx_word' id='word_1_148' title='bbox 260 1548 420 1630; x_wconf 88' lang='lat' dir='ltr'><strong>quod</strong></span> <span class='ocrx_word' id='word_1_149' title='bbox 451 1549 528 1607; x_wconf 89' lang='lat' dir='ltr'><strong>sit</strong></span> <span class='ocrx_word' id='word_1_150' title='bbox 554 1548 833 1607; x_wconf 81' lang='lat' dir='ltr'><strong>Antonii?</strong></span> <span class='ocrx_word' id='word_1_151' title='bbox 863 1547 1036 1617; x_wconf 82' lang='lat' dir='ltr'><strong>forte,</strong></span> <span class='ocrx_word' id='word_1_152' title='bbox 1067 1547 1407 1620; x_wconf 79' lang='lat' dir='ltr'><strong>vehemenS,</strong></span> <span class='ocrx_word' id='word_1_153' title='bbox 1439 1556 1804 1610; x_wconf 89' lang='lat' dir='ltr'><strong>commotum</strong></span> <span class='ocrx_word' id='word_1_154' title='bbox 1832 1550 1896 1610; x_wconf 94' lang='lat' dir='ltr'><strong>in</strong></span> <span class='ocrx_word' id='word_1_155' title='bbox 1927 1551 2175 1628; x_wconf 88' lang='lat' dir='ltr'><strong>agendo,</strong></span> <span class='ocrx_word' id='word_1_156' title='bbox 2216 1570 2496 1631; x_wconf 84' lang='lat' dir='ltr'><strong>praemu-</strong></span> 
     </span>
     <span class='ocr_line' id='line_1_20' title="bbox 258 1633 2494 1711; baseline 0.001 -16"><span class='ocrx_word' id='word_1_157' title='bbox 258 1635 451 1695; x_wconf 84' lang='lat' dir='ltr'><strong>nitum</strong></span> <span class='ocrx_word' id='word_1_158' title='bbox 476 1639 536 1693; x_wconf 86' lang='lat' dir='ltr'><strong>et</strong></span> <span class='ocrx_word' id='word_1_159' title='bbox 565 1650 640 1693; x_wconf 87' lang='lat' dir='ltr'><strong>ex</strong></span> <span class='ocrx_word' id='word_1_160' title='bbox 670 1633 833 1693; x_wconf 90' lang='lat' dir='ltr'><strong>omni</strong></span> <span class='ocrx_word' id='word_1_161' title='bbox 864 1640 1033 1711; x_wconf 83' lang='lat' dir='ltr'><strong>parte</strong></span> <span class='ocrx_word' id='word_1_162' title='bbox 1062 1650 1275 1693; x_wconf 90' lang='lat' dir='ltr'><strong>causae</strong></span> <span class='ocrx_word' id='word_1_163' title='bbox 1298 1639 1588 1711; x_wconf 88' lang='lat' dir='ltr'><strong>saeptum,</strong></span> <span class='ocrx_word' id='word_1_164' title='bbox 1622 1651 1787 1703; x_wconf 86' lang='lat' dir='ltr'><strong>acre,·</strong></span> <span class='ocrx_word' id='word_1_165' title='bbox 1810 1641 2065 1706; x_wconf 88' lang='lat' dir='ltr'><strong>acutum,</strong></span> <span class='ocrx_word' id='word_1_166' title='bbox 2100 1635 2494 1708; x_wconf 85' lang='lat' dir='ltr'><strong>enucleatum,</strong></span> 
     </span>
     <span class='ocr_line' id='line_1_21' title="bbox 257 1716 2495 1799; baseline 0.001 -20"><span class='ocrx_word' id='word_1_167' title='bbox 257 1719 323 1779; x_wconf 91' lang='lat' dir='ltr'><strong>in</strong></span> <span class='ocrx_word' id='word_1_168' title='bbox 353 1735 471 1778; x_wconf 91' lang='lat' dir='ltr'><strong>una</strong></span> <span class='ocrx_word' id='word_1_169' title='bbox 501 1734 735 1797; x_wconf 88' lang='lat' dir='ltr'><strong>quaque</strong></span> <span class='ocrx_word' id='word_1_170' title='bbox 763 1734 831 1777; x_wconf 88' lang='lat' dir='ltr'><strong>re</strong></span> <span class='ocrx_word' id='word_1_171' title='bbox 862 1734 1265 1788; x_wconf 77' lang='lat' dir='ltr'><strong>commoranS,</strong></span> <span class='ocrx_word' id='word_1_172' title='bbox 1310 1716 1560 1777; x_wconf 89' lang='lat' dir='ltr'><strong>honeste</strong></span> <span class='ocrx_word' id='word_1_173' title='bbox 1602 1716 1852 1789; x_wconf 86' lang='lat' dir='ltr'><strong>cedens,</strong></span> <span class='ocrx_word' id='word_1_174' title='bbox 1896 1720 2115 1780; x_wconf 83' lang='lat' dir='ltr'><strong>acriter</strong></span> <span class='ocrx_word' id='word_1_175' title='bbox 2156 1721 2495 1799; x_wconf 85' lang='lat' dir='ltr'><strong>insequens,</strong></span> 
     </span>
     <span class='ocr_line' id='line_1_22' title="bbox 258 1799 2497 1879; baseline 0.001 -15"><span class='ocrx_word' id='word_1_176' title='bbox 258 1812 513 1871; x_wconf 89' lang='lat' dir='ltr'><strong>terrens,</strong></span> <span class='ocrx_word' id='word_1_177' title='bbox 566 1799 905 1879; x_wconf 87' lang='lat' dir='ltr'><strong>supplicans</strong></span> <span class='ocrx_word' id='word_1_178' title='bbox 919 1848 935 1871; x_wconf 90' lang='lat'><em>‚</em></span> <span class='ocrx_word' id='word_1_179' title='bbox 988 1819 1218 1862; x_wconf 87' lang='lat' dir='ltr'><strong>summa</strong></span> <span class='ocrx_word' id='word_1_180' title='bbox 1261 1802 1547 1862; x_wconf 85' lang='lat' dir='ltr'><strong>orationis</strong></span> <span class='ocrx_word' id='word_1_181' title='bbox 1587 1803 1869 1863; x_wconf 87' lang='lat' dir='ltr'><strong>varietate</strong></span> <span class='ocrx_word' id='word_1_182' title='bbox 1883 1849 1900 1873; x_wconf 91' lang='lat'><strong>,</strong></span> <span class='ocrx_word' id='word_1_183' title='bbox 1954 1802 2116 1864; x_wconf 93' lang='lat' dir='ltr'><strong>nulla</strong></span> <span class='ocrx_word' id='word_1_184' title='bbox 2157 1811 2497 1866; x_wconf 85' lang='lat' dir='ltr'><strong>nostrarum</strong></span> 
     </span>
    </p>
   </div>
   <div class='ocr_carea' id='block_1_10' title="bbox 258 1885 2605 1970">
    <p class='ocr_par' dir='ltr' id='par_1_10' title="bbox 258 1885 2605 1970">
     <span class='ocr_line' id='line_1_23' title="bbox 258 1885 2605 1970; baseline 0.003 -23"><span class='ocrx_word' id='word_1_185' title='bbox 258 1887 491 1948; x_wconf 88' lang='lat' dir='ltr'><strong>aurium</strong></span> <span class='ocrx_word' id='word_1_186' title='bbox 518 1886 804 1946; x_wconf 83' lang='lat' dir='ltr'><strong>satietate.</strong></span> <span class='ocrx_word' id='word_1_187' title='bbox 849 1885 970 1946; x_wconf 90' lang='lat' dir='ltr'><strong>Nos</strong></span> <span class='ocrx_word' id='word_1_188' title='bbox 992 1892 1208 1955; x_wconf 86' lang='lat' dir='ltr'><strong>autem,</strong></span> <span class='ocrx_word' id='word_1_189' title='bbox 1241 1887 1600 1965; x_wconf 88' lang='lat' dir='ltr'><strong>quicumque</strong></span> <span class='ocrx_word' id='word_1_190' title='bbox 1616 1887 1679 1946; x_wconf 91' lang='lat' dir='ltr'><strong>in</strong></span> <span class='ocrx_word' id='word_1_191' title='bbox 1705 1886 1942 1948; x_wconf 90' lang='lat' dir='ltr'><strong>dicendi</strong></span> <span class='ocrx_word' id='word_1_192' title='bbox 1962 1905 2185 1967; x_wconf 80' lang='lat' dir='ltr'><strong>sumuS,</strong></span> <span class='ocrx_word' id='word_1_193' title='bbox 2209 1891 2489 1970; x_wconf 87' lang='lat' dir='ltr'><strong>quoniam</strong></span> <span class='ocrx_word' id='word_1_194' title='bbox 2531 1901 2605 1956; x_wconf 78' lang='lat'><strong>33</strong></span> 
     </span>
    </p>
   </div>
   <div class='ocr_carea' id='block_1_11' title="bbox 260 1967 2500 2303">
    <p class='ocr_par' dir='ltr' id='par_1_11' title="bbox 260 1967 2500 2303">
     <span class='ocr_line' id='line_1_24' title="bbox 260 1967 2488 2049; baseline 0.002 -18"><span class='ocrx_word' id='word_1_195' title='bbox 260 1988 391 2031; x_wconf 89' lang='lat' dir='ltr'><strong>esse</strong></span> <span class='ocrx_word' id='word_1_196' title='bbox 420 1968 615 2049; x_wconf 89' lang='lat' dir='ltr'><strong>aliquo</strong></span> <span class='ocrx_word' id='word_1_197' title='bbox 643 1970 706 2029; x_wconf 92' lang='lat' dir='ltr'><strong>in</strong></span> <span class='ocrx_word' id='word_1_198' title='bbox 732 1986 983 2030; x_wconf 87' lang='lat' dir='ltr'><strong>numero</strong></span> <span class='ocrx_word' id='word_1_199' title='bbox 1005 1967 1170 2029; x_wconf 87' lang='lat' dir='ltr'><strong>vobis</strong></span> <span class='ocrx_word' id='word_1_200' title='bbox 1193 1969 1478 2040; x_wconf 83' lang='lat' dir='ltr'><strong>videmur,</strong></span> <span class='ocrx_word' id='word_1_201' title='bbox 1511 1977 1674 2031; x_wconf 88' lang='lat' dir='ltr'><strong>certe</strong></span> <span class='ocrx_word' id='word_1_202' title='bbox 1695 1978 1897 2032; x_wconf 86' lang='lat' dir='ltr'><strong>tamen</strong></span> <span class='ocrx_word' id='word_1_203' title='bbox 1925 1971 2002 2033; x_wconf 88' lang='lat' dir='ltr'><strong>ab</strong></span> <span class='ocrx_word' id='word_1_204' title='bbox 2031 1972 2207 2034; x_wconf 89' lang='lat' dir='ltr'><strong>huius</strong></span> <span class='ocrx_word' id='word_1_205' title='bbox 2235 1973 2488 2036; x_wconf 87' lang='lat' dir='ltr'><strong>multum</strong></span> 
     </span>
     <span class='ocr_line' id='line_1_25' title="bbox 260 2053 2499 2137; baseline 0.002 -22"><span class='ocrx_word' id='word_1_206' title='bbox 260 2072 482 2134; x_wconf 84' lang='lat' dir='ltr'><strong>genere</strong></span> <span class='ocrx_word' id='word_1_207' title='bbox 512 2054 826 2122; x_wconf 87' lang='lat' dir='ltr'><strong>distamus;</strong></span> <span class='ocrx_word' id='word_1_208' title='bbox 871 2053 1028 2134; x_wconf 90' lang='lat' dir='ltr'><strong>quod</strong></span> <span class='ocrx_word' id='word_1_209' title='bbox 1060 2053 1232 2133; x_wconf 87' lang='lat' dir='ltr'><strong>quale</strong></span> <span class='ocrx_word' id='word_1_210' title='bbox 1261 2055 1367 2124; x_wconf 88' lang='lat' dir='ltr'><strong>sit,</strong></span> <span class='ocrx_word' id='word_1_211' title='bbox 1410 2072 1534 2115; x_wconf 92' lang='lat' dir='ltr'><strong>non</strong></span> <span class='ocrx_word' id='word_1_212' title='bbox 1558 2061 1649 2115; x_wconf 86' lang='lat' dir='ltr'><strong>est</strong></span> <span class='ocrx_word' id='word_1_213' title='bbox 1675 2072 1876 2118; x_wconf 88' lang='lat' dir='ltr'><strong>meum</strong></span> <span class='ocrx_word' id='word_1_214' title='bbox 1909 2056 2136 2128; x_wconf 86' lang='lat' dir='ltr'><strong>dicere,</strong></span> <span class='ocrx_word' id='word_1_215' title='bbox 2177 2066 2499 2137; x_wconf 86' lang='lat' dir='ltr'><strong>propterea</strong></span> 
     </span>
     <span class='ocr_line' id='line_1_26' title="bbox 260 2137 2499 2222; baseline 0.002 -23"><span class='ocrx_word' id='word_1_216' title='bbox 260 2138 421 2218; x_wconf 86' lang='lat' dir='ltr'><strong>quod</strong></span> <span class='ocrx_word' id='word_1_217' title='bbox 469 2139 715 2200; x_wconf 90' lang='lat' dir='ltr'><strong>minime</strong></span> <span class='ocrx_word' id='word_1_218' title='bbox 757 2137 871 2198; x_wconf 86' lang='lat' dir='ltr'><strong>sihi</strong></span> <span class='ocrx_word' id='word_1_219' title='bbox 911 2139 1161 2218; x_wconf 89' lang='lat' dir='ltr'><strong>quisque</strong></span> <span class='ocrx_word' id='word_1_220' title='bbox 1211 2145 1386 2200; x_wconf 86' lang='lat' dir='ltr'><strong>notus</strong></span> <span class='ocrx_word' id='word_1_221' title='bbox 1429 2146 1520 2199; x_wconf 89' lang='lat' dir='ltr'><strong>est</strong></span> <span class='ocrx_word' id='word_1_222' title='bbox 1560 2146 1620 2199; x_wconf 93' lang='lat' dir='ltr'><strong>et</strong></span> <span class='ocrx_word' id='word_1_223' title='bbox 1661 2139 2004 2201; x_wconf 86' lang='lat' dir='ltr'><strong>difficillime</strong></span> <span class='ocrx_word' id='word_1_224' title='bbox 2047 2141 2121 2202; x_wconf 92' lang='lat' dir='ltr'><strong>de</strong></span> <span class='ocrx_word' id='word_1_225' title='bbox 2152 2160 2218 2202; x_wconf 90' lang='lat' dir='ltr'><strong>se</strong></span> <span class='ocrx_word' id='word_1_226' title='bbox 2247 2144 2499 2222; x_wconf 90' lang='lat' dir='ltr'><strong>quisque</strong></span> 
     </span>
     <span class='ocr_line' id='line_1_27' title="bbox 260 2221 2500 2303; baseline 0.001 -19"><span class='ocrx_word' id='word_1_227' title='bbox 260 2224 471 2292; x_wconf 86' lang='lat' dir='ltr'><strong>sentit;</strong></span> <span class='ocrx_word' id='word_1_228' title='bbox 524 2223 630 2283; x_wconf 87' lang='lat' dir='ltr'><strong>sed</strong></span> <span class='ocrx_word' id='word_1_229' title='bbox 670 2229 872 2283; x_wconf 86' lang='lat' dir='ltr'><strong>tamen</strong></span> <span class='ocrx_word' id='word_1_230' title='bbox 914 2221 1329 2284; x_wconf 90' lang='lat' dir='ltr'><strong>dissimilitudo</strong></span> <span class='ocrx_word' id='word_1_231' title='bbox 1372 2221 1639 2301; x_wconf 86' lang='lat' dir='ltr'><strong>intellegi</strong></span> <span class='ocrx_word' id='word_1_232' title='bbox 1687 2230 1882 2303; x_wconf 89' lang='lat' dir='ltr'><strong>potest</strong></span> <span class='ocrx_word' id='word_1_233' title='bbox 1925 2232 1984 2286; x_wconf 89' lang='lat' dir='ltr'><strong>et</strong></span> <span class='ocrx_word' id='word_1_234' title='bbox 2027 2243 2100 2286; x_wconf 87' lang='lat' dir='ltr'><strong>ex</strong></span> <span class='ocrx_word' id='word_1_235' title='bbox 2140 2232 2338 2287; x_wconf 86' lang='lat' dir='ltr'><strong>motus</strong></span> <span class='ocrx_word' id='word_1_236' title='bbox 2378 2227 2500 2286; x_wconf 88' lang='lat' dir='ltr'><strong>mei</strong></span> 
     </span>
    </p>
   </div>
   <div class='ocr_carea' id='block_1_12' title="bbox 258 2439 1331 3183">
    <p class='ocr_par' dir='ltr' id='par_1_12' title="bbox 258 2439 1331 3183">
     <span class='ocr_line' id='line_1_28' title="bbox 328 2439 1324 2505; baseline -0.001 -13"><span class='ocrx_word' id='word_1_237' title='bbox 328 2439 387 2505; x_wconf 90' lang='lat'><strong>8,</strong></span> <span class='ocrx_word' id='word_1_238' title='bbox 412 2451 484 2493; x_wconf 85' lang='lat'><strong>31.</strong></span> <span class='ocrx_word' id='word_1_239' title='bbox 519 2443 723 2494; x_wconf 78' lang='lat' dir='ltr'><strong>Haeret</strong></span> <span class='ocrx_word' id='word_1_240' title='bbox 746 2443 799 2492; x_wconf 81' lang='lat' dir='ltr'><strong>in</strong></span> <span class='ocrx_word' id='word_1_241' title='bbox 823 2457 1007 2502; x_wconf 83' lang='lat' dir='ltr'><strong>causa,</strong></span> <span class='ocrx_word' id='word_1_242' title='bbox 1055 2442 1076 2490; x_wconf 92' lang='lat'>1</span> <span class='ocrx_word' id='word_1_243' title='bbox 1101 2439 1194 2504; x_wconf 82' lang='lat'><strong>62,</strong></span> <span class='ocrx_word' id='word_1_244' title='bbox 1230 2449 1324 2491; x_wconf 82' lang='lat'><strong>264.</strong></span> 
     </span>
     <span class='ocr_line' id='line_1_29' title="bbox 261 2508 1322 2575; baseline -0.001 -15"><span class='ocrx_word' id='word_1_245' title='bbox 261 2508 342 2560; x_wconf 89' lang='lat' dir='ltr'><strong>Or.</strong></span> <span class='ocrx_word' id='word_1_246' title='bbox 364 2509 448 2569; x_wconf 90' lang='grc'><strong>50,</strong></span> <span class='ocrx_word' id='word_1_247' title='bbox 469 2518 544 2560; x_wconf 84' lang='grc'><strong>137</strong></span> <span class='ocrx_word' id='word_1_248' title='bbox 569 2510 643 2559; x_wconf 90' lang='lat' dir='ltr'><strong>sic</strong></span> <span class='ocrx_word' id='word_1_249' title='bbox 664 2510 820 2575; x_wconf 84' lang='lat' dir='ltr'><strong>igitur</strong></span> <span class='ocrx_word' id='word_1_250' title='bbox 843 2510 979 2559; x_wconf 88' lang='lat' dir='ltr'><strong>dicet</strong></span> <span class='ocrx_word' id='word_1_251' title='bbox 1001 2509 1103 2569; x_wconf 91' lang='lat' dir='ltr'><strong>ille,</strong></span> <span class='ocrx_word' id='word_1_252' title='bbox 1130 2519 1186 2558; x_wconf 79' lang='lat' dir='ltr'><strong>ut</strong></span> <span class='ocrx_word' id='word_1_253' title='bbox 1209 2524 1322 2559; x_wconf 82' lang='lat' dir='ltr'><strong>ver-</strong></span> 
     </span>
     <span class='ocr_line' id='line_1_30' title="bbox 261 2576 1328 2644; baseline -0.001 -17"><span class='ocrx_word' id='word_1_254' title='bbox 261 2586 342 2627; x_wconf 85' lang='lat' dir='ltr'><strong>set</strong></span> <span class='ocrx_word' id='word_1_255' title='bbox 366 2591 523 2644; x_wconf 81' lang='lat' dir='ltr'><strong>saepe</strong></span> <span class='ocrx_word' id='word_1_256' title='bbox 558 2578 731 2628; x_wconf 85' lang='lat' dir='ltr'><strong>multis</strong></span> <span class='ocrx_word' id='word_1_257' title='bbox 754 2577 925 2627; x_wconf 89' lang='lat' dir='ltr'><strong>modis</strong></span> <span class='ocrx_word' id='word_1_258' title='bbox 951 2576 1128 2626; x_wconf 83' lang='lat' dir='ltr'><strong>eadem</strong></span> <span class='ocrx_word' id='word_1_259' title='bbox 1155 2584 1203 2624; x_wconf 82' lang='lat' dir='ltr'><strong>et</strong></span> <span class='ocrx_word' id='word_1_260' title='bbox 1225 2591 1328 2626; x_wconf 81' lang='lat' dir='ltr'><strong>una</strong></span> 
     </span>
     <span class='ocr_line' id='line_1_31' title="bbox 258 2644 1324 2708; baseline -0.002 -14"><span class='ocrx_word' id='word_1_261' title='bbox 258 2644 310 2694; x_wconf 92' lang='lat' dir='ltr'><strong>in</strong></span> <span class='ocrx_word' id='word_1_262' title='bbox 337 2660 393 2694; x_wconf 88' lang='lat' dir='ltr'><strong>re</strong></span> <span class='ocrx_word' id='word_1_263' title='bbox 419 2644 641 2707; x_wconf 86' lang='lat' dir='ltr'><strong>haereat,</strong></span> <span class='ocrx_word' id='word_1_264' title='bbox 665 2646 715 2694; x_wconf 92' lang='lat' dir='ltr'><strong>in</strong></span> <span class='ocrx_word' id='word_1_265' title='bbox 744 2645 1025 2708; x_wconf 83' lang='lat' dir='ltr'><strong>eademque</strong></span> <span class='ocrx_word' id='word_1_266' title='bbox 1042 2657 1324 2693; x_wconf 80' lang='lat' dir='ltr'><strong>commore-</strong></span> 
     </span>
     <span class='ocr_line' id='line_1_32' title="bbox 258 2712 1331 2775; baseline -0.004 -11"><span class='ocrx_word' id='word_1_267' title='bbox 258 2719 343 2767; x_wconf 75' lang='lat' dir='ltr'><strong>tur</strong></span> <span class='ocrx_word' id='word_1_268' title='bbox 386 2712 659 2763; x_wconf 86' lang='lat' dir='ltr'><strong>sententia.</strong></span> <span class='ocrx_word' id='word_1_269' title='bbox 722 2715 918 2763; x_wconf 71' lang='lat' dir='ltr'><strong>omissis</strong></span> <span class='ocrx_word' id='word_1_270' title='bbox 956 2712 1144 2761; x_wconf 83' lang='lat' dir='ltr'><strong>ceteris</strong></span> <span class='ocrx_word' id='word_1_271' title='bbox 1177 2725 1331 2775; x_wconf 72' lang='lat' dir='ltr'><strong>arqu-</strong></span> 
     </span>
     <span class='ocr_line' id='line_1_33' title="bbox 259 2777 1328 2838; baseline -0.005 -7"><span class='ocrx_word' id='word_1_272' title='bbox 259 2782 458 2838; x_wconf 79' lang='lat' dir='ltr'><strong>mentis‚</strong></span> <span class='ocrx_word' id='word_1_273' title='bbox 499 2780 583 2831; x_wconf 87' lang='lat' dir='ltr'><strong>die</strong></span> <span class='ocrx_word' id='word_1_274' title='bbox 609 2779 747 2829; x_wconf 87' lang='lat' dir='ltr'><strong>nicht</strong></span> <span class='ocrx_word' id='word_1_275' title='bbox 772 2779 933 2829; x_wconf 81' lang='lat' dir='ltr'><strong>direct</strong></span> <span class='ocrx_word' id='word_1_276' title='bbox 957 2777 1145 2828; x_wconf 80' lang='lat' dir='ltr'><strong>darauf</strong></span> <span class='ocrx_word' id='word_1_277' title='bbox 1164 2778 1328 2827; x_wconf 85' lang='lat' dir='ltr'><strong>zielen</strong></span> 
     </span>
     <span class='ocr_line' id='line_1_34' title="bbox 262 2845 1328 2911; baseline -0.002 -14"><span class='ocrx_word' id='word_1_278' title='bbox 262 2847 385 2911; x_wconf 87' lang='lat' dir='ltr'><strong>quid</strong></span> <span class='ocrx_word' id='word_1_279' title='bbox 413 2847 568 2897; x_wconf 85' lang='lat' dir='ltr'><strong>iudici</strong></span> <span class='ocrx_word' id='word_1_280' title='bbox 599 2847 921 2911; x_wconf 88' lang='lat' dir='ltr'><strong>probandum</strong></span> <span class='ocrx_word' id='word_1_281' title='bbox 957 2846 1051 2908; x_wconf 86' lang='lat' dir='ltr'><strong>sit,</strong></span> <span class='ocrx_word' id='word_1_282' title='bbox 1101 2845 1328 2896; x_wconf 87' lang='lat' dir='ltr'><strong>Beweise</strong></span> 
     </span>
     <span class='ocr_line' id='line_1_35' title="bbox 259 2913 1327 2980; baseline -0.004 -15"><span class='ocrx_word' id='word_1_283' title='bbox 259 2928 364 2965; x_wconf 83' lang='lat' dir='ltr'><strong>von</strong></span> <span class='ocrx_word' id='word_1_284' title='bbox 388 2914 533 2964; x_wconf 86' lang='lat' dir='ltr'><strong>mehr</strong></span> <span class='ocrx_word' id='word_1_285' title='bbox 549 2915 999 2980; x_wconf 81' lang='lat' dir='ltr'><strong>untergeordneter</strong></span> <span class='ocrx_word' id='word_1_286' title='bbox 1009 2913 1327 2978; x_wconf 85' lang='lat' dir='ltr'><strong>Bedeutung,</strong></span> 
     </span>
     <span class='ocr_line' id='line_1_36' title="bbox 262 2981 1327 3033; baseline -0.003 0"><span class='ocrx_word' id='word_1_287' title='bbox 262 2982 345 3033; x_wconf 88' lang='lat' dir='ltr'><strong>die</strong></span> <span class='ocrx_word' id='word_1_288' title='bbox 391 2983 492 3032; x_wconf 88' lang='lat' dir='ltr'><strong>den</strong></span> <span class='ocrx_word' id='word_1_289' title='bbox 540 2984 687 3033; x_wconf 89' lang='lat' dir='ltr'><strong>einen</strong></span> <span class='ocrx_word' id='word_1_290' title='bbox 737 2983 859 3032; x_wconf 89' lang='lat' dir='ltr'><strong>oder</strong></span> <span class='ocrx_word' id='word_1_291' title='bbox 898 2982 1092 3031; x_wconf 84' lang='lat' dir='ltr'><strong>andern</strong></span> <span class='ocrx_word' id='word_1_292' title='bbox 1126 2981 1327 3031; x_wconf 89' lang='lat' dir='ltr'><strong>Neben-</strong></span> 
     </span>
     <span class='ocr_line' id='line_1_37' title="bbox 260 3047 1331 3116; baseline -0.001 -16"><span class='ocrx_word' id='word_1_293' title='bbox 260 3051 455 3116; x_wconf 81' lang='lat' dir='ltr'><strong>punkt,</strong></span> <span class='ocrx_word' id='word_1_294' title='bbox 505 3050 594 3099; x_wconf 85' lang='lat' dir='ltr'><strong>der</strong></span> <span class='ocrx_word' id='word_1_295' title='bbox 637 3059 813 3114; x_wconf 71' lang='lat' dir='ltr'><strong>sti-eng</strong></span> <span class='ocrx_word' id='word_1_296' title='bbox 846 3063 1153 3114; x_wconf 86' lang='lat' dir='ltr'><strong>genommen</strong></span> <span class='ocrx_word' id='word_1_297' title='bbox 1189 3047 1331 3099; x_wconf 87' lang='lat' dir='ltr'><strong>nicht</strong></span> 
     </span>
     <span class='ocr_line' id='line_1_38' title="bbox 265 3116 1257 3183; baseline -0.001 -16"><span class='ocrx_word' id='word_1_298' title='bbox 265 3133 357 3168; x_wconf 81' lang='lat' dir='ltr'><strong>zur</strong></span> <span class='ocrx_word' id='word_1_299' title='bbox 380 3117 545 3169; x_wconf 85' lang='lat' dir='ltr'><strong>Sache</strong></span> <span class='ocrx_word' id='word_1_300' title='bbox 568 3117 771 3183; x_wconf 74' lang='lat' dir='ltr'><strong>gehort,</strong></span> <span class='ocrx_word' id='word_1_301' title='bbox 800 3117 1053 3167; x_wconf 66' lang='lat' dir='ltr'><strong>erlautern</strong></span> <span class='ocrx_word' id='word_1_302' title='bbox 1077 3116 1257 3166; x_wconf 89' lang='lat' dir='ltr'><strong>sollen.</strong></span> 
     </span>
    </p>
   </div>
   <div class='ocr_carea' id='block_1_13' title="bbox 261 3216 1335 3690">
    <p class='ocr_par' dir='ltr' id='par_1_13' title="bbox 261 3216 1335 3690">
     <span class='ocr_line' id='line_1_39' title="bbox 333 3216 1330 3280; baseline -0.001 -11"><span class='ocrx_word' id='word_1_303' title='bbox 333 3217 466 3280; x_wconf 77' lang='lat' dir='ltr'><strong><em>Quid</em></strong></span> <span class='ocrx_word' id='word_1_304' title='bbox 488 3226 589 3268; x_wconf 78' lang='lat' dir='ltr'><strong>tam</strong></span> <span class='ocrx_word' id='word_1_305' title='bbox 622 3220 759 3268; x_wconf 79' lang='lat' dir='ltr'><strong>inter</strong></span> <span class='ocrx_word' id='word_1_306' title='bbox 789 3232 847 3267; x_wconf 85' lang='lat' dir='ltr'><strong>se</strong></span> <span class='ocrx_word' id='word_1_307' title='bbox 881 3218 1145 3278; x_wconf 74' lang='lat' dir='ltr'><strong>dissimile,</strong></span> <span class='ocrx_word' id='word_1_308' title='bbox 1189 3216 1330 3268; x_wconf 88' lang='lat' dir='ltr'><strong>Brut.</strong></span> 
     </span>
     <span class='ocr_line' id='line_1_40' title="bbox 263 3283 1331 3347; baseline -0.004 -11"><span class='ocrx_word' id='word_1_309' title='bbox 263 3284 359 3345; x_wconf 81' lang='lat'><strong>56,</strong></span> <span class='ocrx_word' id='word_1_310' title='bbox 382 3294 461 3336; x_wconf 79' lang='lat'><strong>204</strong></span> <span class='ocrx_word' id='word_1_311' title='bbox 495 3288 664 3347; x_wconf 84' lang='lat' dir='ltr'><strong>Atque</strong></span> <span class='ocrx_word' id='word_1_312' title='bbox 697 3286 747 3334; x_wconf 89' lang='lat' dir='ltr'><strong>in</strong></span> <span class='ocrx_word' id='word_1_313' title='bbox 782 3285 863 3335; x_wconf 83' lang='lat' dir='ltr'><strong>his</strong></span> <span class='ocrx_word' id='word_1_314' title='bbox 891 3285 1180 3335; x_wconf 83' lang='lat' dir='ltr'><strong>oratoribus</strong></span> <span class='ocrx_word' id='word_1_315' title='bbox 1204 3283 1331 3333; x_wconf 90' lang='lat' dir='ltr'><strong>illud</strong></span> 
     </span>
     <span class='ocr_line' id='line_1_41' title="bbox 261 3353 1332 3416; baseline -0.003 -13"><span class='ocrx_word' id='word_1_316' title='bbox 261 3353 773 3404; x_wconf 80' lang='lat' dir='ltr'><strong>animadvertendum</strong></span> <span class='ocrx_word' id='word_1_317' title='bbox 831 3362 934 3413; x_wconf 80' lang='lat' dir='ltr'><strong>est,</strong></span> <span class='ocrx_word' id='word_1_318' title='bbox 995 3364 1153 3416; x_wconf 89' lang='lat' dir='ltr'><strong>posse</strong></span> <span class='ocrx_word' id='word_1_319' title='bbox 1216 3365 1332 3401; x_wconf 89' lang='lat' dir='ltr'><strong>esse</strong></span> 
     </span>
     <span class='ocr_line' id='line_1_42' title="bbox 264 3419 1330 3484; baseline -0.003 -12"><span class='ocrx_word' id='word_1_320' title='bbox 264 3434 526 3481; x_wconf 81' lang='lat' dir='ltr'><strong>summos,</strong></span> <span class='ocrx_word' id='word_1_321' title='bbox 562 3421 649 3484; x_wconf 86' lang='lat' dir='ltr'><strong>qui</strong></span> <span class='ocrx_word' id='word_1_322' title='bbox 675 3421 809 3470; x_wconf 85' lang='lat' dir='ltr'><strong>inter</strong></span> <span class='ocrx_word' id='word_1_323' title='bbox 831 3435 887 3470; x_wconf 89' lang='lat' dir='ltr'><strong>se</strong></span> <span class='ocrx_word' id='word_1_324' title='bbox 912 3420 1016 3469; x_wconf 82' lang='lat' dir='ltr'><strong>sint</strong></span> <span class='ocrx_word' id='word_1_325' title='bbox 1035 3419 1330 3469; x_wconf 83' lang='lat' dir='ltr'><strong>dissimiles.</strong></span> 
     </span>
     <span class='ocr_line' id='line_1_43' title="bbox 263 3485 1335 3550; baseline -0.004 -11"><span class='ocrx_word' id='word_1_326' title='bbox 263 3488 400 3539; x_wconf 84' lang='lat' dir='ltr'><strong>Nihil</strong></span> <span class='ocrx_word' id='word_1_327' title='bbox 426 3489 559 3537; x_wconf 88' lang='lat' dir='ltr'><strong>enim</strong></span> <span class='ocrx_word' id='word_1_328' title='bbox 584 3499 688 3539; x_wconf 85' lang='lat' dir='ltr'><strong>tam</strong></span> <span class='ocrx_word' id='word_1_329' title='bbox 712 3486 977 3548; x_wconf 87' lang='lat' dir='ltr'><strong>dissimile,</strong></span> <span class='ocrx_word' id='word_1_330' title='bbox 1006 3501 1159 3550; x_wconf 90' lang='lat' dir='ltr'><strong>quam</strong></span> <span class='ocrx_word' id='word_1_331' title='bbox 1186 3485 1335 3537; x_wconf 85' lang='lat' dir='ltr'><strong>Cotta</strong></span> 
     </span>
     <span class='ocr_line' id='line_1_44' title="bbox 266 3554 1331 3622; baseline -0.003 -15"><span class='ocrx_word' id='word_1_332' title='bbox 266 3554 523 3622; x_wconf 86' lang='lat' dir='ltr'><strong>Sulpicio,</strong></span> <span class='ocrx_word' id='word_1_333' title='bbox 558 3565 608 3606; x_wconf 87' lang='lat' dir='ltr'><strong>et</strong></span> <span class='ocrx_word' id='word_1_334' title='bbox 641 3565 853 3620; x_wconf 87' lang='lat' dir='ltr'><strong>uterque</strong></span> <span class='ocrx_word' id='word_1_335' title='bbox 886 3554 1187 3616; x_wconf 79' lang='lat' dir='ltr'><strong>aequalibus</strong></span> <span class='ocrx_word' id='word_1_336' title='bbox 1221 3554 1331 3604; x_wconf 78' lang='lat' dir='ltr'><strong>suis</strong></span> 
     </span>
     <span class='ocr_line' id='line_1_45' title="bbox 265 3624 834 3690; baseline -0.002 -17"><span class='ocrx_word' id='word_1_337' title='bbox 265 3624 542 3689; x_wconf 89' lang='lat' dir='ltr'><strong>plurimum</strong></span> <span class='ocrx_word' id='word_1_338' title='bbox 565 3624 834 3690; x_wconf 82' lang='lat' dir='ltr'><strong>praestitit.</strong></span> 
     </span>
    </p>
   </div>
   <div class='ocr_carea' id='block_1_14' title="bbox 264 3721 1338 4261">
    <p class='ocr_par' dir='ltr' id='par_1_14' title="bbox 264 3721 1338 4261">
     <span class='ocr_line' id='line_1_46' title="bbox 332 3721 1332 3789; baseline -0.003 -15"><span class='ocrx_word' id='word_1_339' title='bbox 332 3722 384 3787; x_wconf 83' lang='lat'><strong>9,</strong></span> <span class='ocrx_word' id='word_1_340' title='bbox 407 3732 477 3775; x_wconf 79' lang='grc'><strong>82.</strong></span> <span class='ocrx_word' id='word_1_341' title='bbox 512 3725 823 3789; x_wconf 76' lang='lat' dir='ltr'><strong>comparati,</strong></span> <span class='ocrx_word' id='word_1_342' title='bbox 863 3722 955 3773; x_wconf 82' lang='lat' dir='ltr'><strong>‘als</strong></span> <span class='ocrx_word' id='word_1_343' title='bbox 981 3722 1063 3772; x_wconf 88' lang='lat' dir='ltr'><strong>ein</strong></span> <span class='ocrx_word' id='word_1_344' title='bbox 1087 3721 1216 3772; x_wconf 84' lang='lat' dir='ltr'><strong>Paar</strong></span> <span class='ocrx_word' id='word_1_345' title='bbox 1241 3737 1332 3771; x_wconf 84' lang='lat' dir='ltr'><strong>zu-</strong></span> 
     </span>
     <span class='ocr_line' id='line_1_47' title="bbox 266 3788 1331 3858; baseline -0.006 -14"><span class='ocrx_word' id='word_1_346' title='bbox 266 3791 738 3858; x_wconf 53' lang='lat' dir='ltr'><strong>sammengestelltss</strong></span> <span class='ocrx_word' id='word_1_347' title='bbox 762 3790 878 3840; x_wconf 82' lang='lat' dir='ltr'><strong>Liv.</strong></span> <span class='ocrx_word' id='word_1_348' title='bbox 894 3789 1047 3841; x_wconf 86' lang='lat' dir='ltr'><strong>XXX</strong></span> <span class='ocrx_word' id='word_1_349' title='bbox 1063 3789 1151 3853; x_wconf 81' lang='lat'><strong>28,</strong></span> <span class='ocrx_word' id='word_1_350' title='bbox 1170 3797 1196 3839; x_wconf 84' lang='lat'><strong>8</strong></span> <span class='ocrx_word' id='word_1_351' title='bbox 1219 3788 1331 3840; x_wconf 87' lang='lat' dir='ltr'><strong>Sci-</strong></span> 
     </span>
     <span class='ocr_line' id='line_1_48' title="bbox 265 3857 1334 3925; baseline -0.003 -16"><span class='ocrx_word' id='word_1_352' title='bbox 265 3860 353 3925; x_wconf 83' lang='lat' dir='ltr'><strong>pio</strong></span> <span class='ocrx_word' id='word_1_353' title='bbox 387 3867 437 3909; x_wconf 81' lang='lat' dir='ltr'><strong>et</strong></span> <span class='ocrx_word' id='word_1_354' title='bbox 468 3858 721 3910; x_wconf 81' lang='lat' dir='ltr'><strong>Hannibal</strong></span> <span class='ocrx_word' id='word_1_355' title='bbox 756 3857 899 3908; x_wconf 85' lang='lat' dir='ltr'><strong>velut</strong></span> <span class='ocrx_word' id='word_1_356' title='bbox 936 3858 1004 3908; x_wconf 83' lang='lat' dir='ltr'><strong>ad</strong></span> <span class='ocrx_word' id='word_1_357' title='bbox 1036 3872 1334 3924; x_wconf 85' lang='lat' dir='ltr'><strong>supremum</strong></span> 
     </span>
     <span class='ocr_line' id='line_1_49' title="bbox 267 3925 1333 3992; baseline -0.002 -15"><span class='ocrx_word' id='word_1_358' title='bbox 267 3936 524 3977; x_wconf 73' lang='lat' dir='ltr'><strong>certamen</strong></span> <span class='ocrx_word' id='word_1_359' title='bbox 556 3925 836 3992; x_wconf 79' lang='lat' dir='ltr'><strong>comparati</strong></span> <span class='ocrx_word' id='word_1_360' title='bbox 869 3925 1045 3976; x_wconf 84' lang='lat' dir='ltr'><strong>duces.</strong></span> <span class='ocrx_word' id='word_1_361' title='bbox 1102 3932 1159 3976; x_wconf 82' lang='lat' dir='ltr'><strong>ut</strong></span> <span class='ocrx_word' id='word_1_362' title='bbox 1179 3926 1333 3976; x_wconf 71' lang='lat' dir='ltr'><strong>leomi-</strong></span> 
     </span>
     <span class='ocr_line' id='line_1_50' title="bbox 266 3992 1336 4059; baseline -0.004 -13"><span class='ocrx_word' id='word_1_363' title='bbox 266 4010 381 4046; x_wconf 75' lang='lat' dir='ltr'><strong>mm</strong></span> <span class='ocrx_word' id='word_1_364' title='bbox 397 3995 709 4047; x_wconf 70' lang='lat' dir='ltr'><strong>sermonibus</strong></span> <span class='ocrx_word' id='word_1_365' title='bbox 727 4001 821 4043; x_wconf 84' lang='lat' dir='ltr'><strong>etc.</strong></span> <span class='ocrx_word' id='word_1_366' title='bbox 859 3995 916 4043; x_wconf 87' lang='lat' dir='ltr'><strong>In</strong></span> <span class='ocrx_word' id='word_1_367' title='bbox 934 3993 1216 4059; x_wconf 81' lang='lat' dir='ltr'><strong>geselligen</strong></span> <span class='ocrx_word' id='word_1_368' title='bbox 1234 3992 1336 4043; x_wconf 87' lang='lat' dir='ltr'><strong>Un-</strong></span> 
     </span>
     <span class='ocr_line' id='line_1_51' title="bbox 264 4059 1336 4128; baseline -0.003 -15"><span class='ocrx_word' id='word_1_369' title='bbox 264 4062 625 4128; x_wconf 69' lang='lat' dir='ltr'><strong>terhaltungen</strong></span> <span class='ocrx_word' id='word_1_370' title='bbox 650 4060 848 4123; x_wconf 78' lang='lat' dir='ltr'><strong>warde,</strong></span> <span class='ocrx_word' id='word_1_371' title='bbox 885 4075 945 4111; x_wconf 83' lang='lat' dir='ltr'><strong>so</strong></span> <span class='ocrx_word' id='word_1_372' title='bbox 981 4059 1056 4111; x_wconf 74' lang='lat' dir='ltr'><strong>oft</strong></span> <span class='ocrx_word' id='word_1_373' title='bbox 1088 4061 1171 4110; x_wconf 91' lang='lat' dir='ltr'><strong>die</strong></span> <span class='ocrx_word' id='word_1_374' title='bbox 1193 4060 1336 4111; x_wconf 88' lang='lat' dir='ltr'><strong>Rede</strong></span> 
     </span>
     <span class='ocr_line' id='line_1_52' title="bbox 266 4127 1338 4194; baseline -0.004 -13"><span class='ocrx_word' id='word_1_375' title='bbox 266 4128 363 4181; x_wconf 72' lang='lat' dir='ltr'><strong>aur</strong></span> <span class='ocrx_word' id='word_1_376' title='bbox 377 4129 434 4181; x_wconf 80' lang='lat' dir='ltr'><strong>O.</strong></span> <span class='ocrx_word' id='word_1_377' title='bbox 456 4130 562 4185; x_wconf 84' lang='lat' dir='ltr'><strong>und</strong></span> <span class='ocrx_word' id='word_1_378' title='bbox 576 4130 641 4181; x_wconf 81' lang='lat' dir='ltr'><strong>A.</strong></span> <span class='ocrx_word' id='word_1_379' title='bbox 659 4130 800 4191; x_wconf 74' lang='lat' dir='ltr'><strong>kam,</strong></span> <span class='ocrx_word' id='word_1_380' title='bbox 824 4127 1053 4194; x_wconf 81' lang='lat' dir='ltr'><strong>sogleich</strong></span> <span class='ocrx_word' id='word_1_381' title='bbox 1071 4129 1158 4179; x_wconf 85' lang='lat' dir='ltr'><strong>die</strong></span> <span class='ocrx_word' id='word_1_382' title='bbox 1173 4128 1338 4194; x_wconf 78' lang='lat' dir='ltr'><strong>Frage</strong></span> 
     </span>
     <span class='ocr_line' id='line_1_53' title="bbox 265 4196 1336 4261; baseline -0.001 -14"><span class='ocrx_word' id='word_1_383' title='bbox 265 4197 402 4257; x_wconf 79' lang='lat' dir='ltr'><strong>lant,</strong></span> <span class='ocrx_word' id='word_1_384' title='bbox 448 4211 552 4248; x_wconf 78' lang='lat' dir='ltr'><strong>wer</strong></span> <span class='ocrx_word' id='word_1_385' title='bbox 599 4210 699 4248; x_wconf 85' lang='lat' dir='ltr'><strong>von</strong></span> <span class='ocrx_word' id='word_1_386' title='bbox 742 4196 929 4247; x_wconf 86' lang='lat' dir='ltr'><strong>beiden</strong></span> <span class='ocrx_word' id='word_1_387' title='bbox 976 4196 1068 4246; x_wconf 86' lang='lat' dir='ltr'><strong>der</strong></span> <span class='ocrx_word' id='word_1_388' title='bbox 1100 4199 1336 4261; x_wconf 75' lang='lat' dir='ltr'><strong>grossere</strong></span> 
     </span>
    </p>
   </div>
   <div class='ocr_carea' id='block_1_15' title="bbox 1427 2438 2505 3111">
    <p class='ocr_par' dir='ltr' id='par_1_15' title="bbox 1427 2438 2505 3111">
     <span class='ocr_line' id='line_1_54' title="bbox 1427 2438 2502 2506; baseline 0.004 -15"><span class='ocrx_word' id='word_1_389' title='bbox 1427 2443 1563 2491; x_wconf 72' lang='lat' dir='ltr'><strong>wfire</strong></span> <span class='ocrx_word' id='word_1_390' title='bbox 1589 2438 1802 2506; x_wconf 83' lang='lat' dir='ltr'><strong>(sodass</strong></span> <span class='ocrx_word' id='word_1_391' title='bbox 1828 2457 1882 2492; x_wconf 88' lang='lat' dir='ltr'><strong>es</strong></span> <span class='ocrx_word' id='word_1_392' title='bbox 1907 2443 2016 2494; x_wconf 87' lang='lat' dir='ltr'><strong>also</strong></span> <span class='ocrx_word' id='word_1_393' title='bbox 2043 2444 2144 2493; x_wconf 89' lang='lat' dir='ltr'><strong>den</strong></span> <span class='ocrx_word' id='word_1_394' title='bbox 2168 2444 2355 2494; x_wconf 88' lang='lat' dir='ltr'><strong>beiden</strong></span> <span class='ocrx_word' id='word_1_395' title='bbox 2375 2445 2502 2495; x_wconf 88' lang='lat' dir='ltr'><strong>Mei·</strong></span> 
     </span>
     <span class='ocr_line' id='line_1_55' title="bbox 1430 2506 2501 2567; baseline 0.002 -8"><span class='ocrx_word' id='word_1_396' title='bbox 1430 2518 1570 2559; x_wconf 85' lang='lat' dir='ltr'><strong>stern</strong></span> <span class='ocrx_word' id='word_1_397' title='bbox 1622 2506 1828 2559; x_wconf 73' lang='lat' dir='ltr'><strong>fihnlich</strong></span> <span class='ocrx_word' id='word_1_398' title='bbox 1871 2511 1968 2558; x_wconf 87' lang='lat' dir='ltr'><strong>wie</strong></span> <span class='ocrx_word' id='word_1_399' title='bbox 2013 2525 2249 2560; x_wconf 88' lang='lat' dir='ltr'><strong>unserem</strong></span> <span class='ocrx_word' id='word_1_400' title='bbox 2287 2511 2501 2567; x_wconf 81' lang='lat' dir='ltr'><strong>Schiller</strong></span> 
     </span>
     <span class='ocr_line' id='line_1_56' title="bbox 1428 2574 2501 2641; baseline 0.005 -16"><span class='ocrx_word' id='word_1_401' title='bbox 1428 2576 1539 2626; x_wconf 90' lang='lat' dir='ltr'><strong>und</strong></span> <span class='ocrx_word' id='word_1_402' title='bbox 1559 2574 1751 2626; x_wconf 86' lang='lat' dir='ltr'><strong>Goethe</strong></span> <span class='ocrx_word' id='word_1_403' title='bbox 1776 2575 2027 2641; x_wconf 86' lang='lat' dir='ltr'><strong>ergieng).</strong></span> <span class='ocrx_word' id='word_1_404' title='bbox 2084 2579 2139 2626; x_wconf 83' lang='lat' dir='ltr'><strong>in</strong></span> <span class='ocrx_word' id='word_1_405' title='bbox 2163 2580 2501 2630; x_wconf 82' lang='lat' dir='ltr'><strong>contentionis</strong></span> 
     </span>
     <span class='ocr_line' id='line_1_57' title="bbox 1428 2643 2500 2705; baseline 0.002 -12"><span class='ocrx_word' id='word_1_406' title='bbox 1428 2644 1692 2705; x_wconf 78' lang='lat' dir='ltr'><strong>iudicium,</strong></span> <span class='ocrx_word' id='word_1_407' title='bbox 1741 2643 1838 2692; x_wconf 87' lang='lat' dir='ltr'><strong>wie</strong></span> <span class='ocrx_word' id='word_1_408' title='bbox 1882 2656 1976 2693; x_wconf 84' lang='lat' dir='ltr'><strong>vor</strong></span> <span class='ocrx_word' id='word_1_409' title='bbox 2022 2644 2114 2694; x_wconf 84' lang='lat' dir='ltr'><strong>das</strong></span> <span class='ocrx_word' id='word_1_410' title='bbox 2162 2646 2349 2695; x_wconf 83' lang='lat' dir='ltr'><strong>Forum</strong></span> <span class='ocrx_word' id='word_1_411' title='bbox 2397 2660 2500 2695; x_wconf 84' lang='lat' dir='ltr'><strong>von</strong></span> 
     </span>
     <span class='ocr_line' id='line_1_58' title="bbox 1430 2702 2504 2778; baseline 0.004 -19"><span class='ocrx_word' id='word_1_412' title='bbox 1430 2709 1839 2775; x_wconf 84' lang='lat' dir='ltr'><strong>Kampfrichtern</strong></span> <span class='ocrx_word' id='word_1_413' title='bbox 1866 2711 1949 2760; x_wconf 90' lang='lat' dir='ltr'><strong>bei</strong></span> <span class='ocrx_word' id='word_1_414' title='bbox 1975 2710 2141 2760; x_wconf 90' lang='lat' dir='ltr'><strong>einem</strong></span> <span class='ocrx_word' id='word_1_415' title='bbox 2178 2702 2362 2778; x_wconf 72' lang='grc' dir='ltr'><em>ἀγών,</em></span> <span class='ocrx_word' id='word_1_416' title='bbox 2410 2728 2504 2763; x_wconf 85' lang='lat' dir='ltr'><strong>zur</strong></span> 
     </span>
     <span class='ocr_line' id='line_1_59' title="bbox 1431 2776 2499 2842; baseline 0.003 -15"><span class='ocrx_word' id='word_1_417' title='bbox 1431 2776 1815 2842; x_wconf 82' lang='lat' dir='ltr'><strong>Entscheidung</strong></span> <span class='ocrx_word' id='word_1_418' title='bbox 1836 2777 2082 2841; x_wconf 72' lang='lat' dir='ltr'><strong>daniber,</strong></span> <span class='ocrx_word' id='word_1_419' title='bbox 2116 2794 2246 2830; x_wconf 87' lang='lat' dir='ltr'><strong>wem</strong></span> <span class='ocrx_word' id='word_1_420' title='bbox 2270 2794 2370 2829; x_wconf 86' lang='lat' dir='ltr'><strong>vou</strong></span> <span class='ocrx_word' id='word_1_421' title='bbox 2399 2780 2499 2830; x_wconf 87' lang='lat' dir='ltr'><strong>den</strong></span> 
     </span>
     <span class='ocr_line' id='line_1_60' title="bbox 1429 2844 2501 2911; baseline 0.005 -17"><span class='ocrx_word' id='word_1_422' title='bbox 1429 2845 1614 2895; x_wconf 88' lang='lat' dir='ltr'><strong>beiden</strong></span> <span class='ocrx_word' id='word_1_423' title='bbox 1638 2844 1831 2894; x_wconf 83' lang='lat' dir='ltr'><strong>Rival</strong></span> <span class='ocrx_word' id='word_1_424' title='bbox 1847 2860 1919 2894; x_wconf 91' lang='lat' dir='ltr'><strong>en</strong></span> <span class='ocrx_word' id='word_1_425' title='bbox 1954 2846 2044 2895; x_wconf 85' lang='lat' dir='ltr'><strong>der</strong></span> <span class='ocrx_word' id='word_1_426' title='bbox 2069 2845 2191 2911; x_wconf 85' lang='lat' dir='ltr'><strong>Sieg</strong></span> <span class='ocrx_word' id='word_1_427' title='bbox 2217 2848 2501 2899; x_wconf 77' lang='lat' dir='ltr'><strong>zuei-kannt</strong></span> 
     </span>
     <span class='ocr_line' id='line_1_61' title="bbox 1429 2910 2328 2980; baseline 0.003 -18"><span class='ocrx_word' id='word_1_428' title='bbox 1429 2912 1637 2962; x_wconf 81' lang='lat' dir='ltr'><strong>werden</strong></span> <span class='ocrx_word' id='word_1_429' title='bbox 1658 2914 1873 2962; x_wconf 83' lang='lat' dir='ltr'><strong>miisste.</strong></span> <span class='ocrx_word' id='word_1_430' title='bbox 1921 2913 2054 2962; x_wconf 88' lang='lat' dir='ltr'><strong>Einl.</strong></span> <span class='ocrx_word' id='word_1_431' title='bbox 2081 2914 2105 2962; x_wconf 95' lang='lat' dir='ltr'>I</span> <span class='ocrx_word' id='word_1_432' title='bbox 2129 2910 2160 2980; x_wconf 80' lang='lat' dir='ltr'>S</span> <span class='ocrx_word' id='word_1_433' title='bbox 2184 2911 2235 2977; x_wconf 89' lang='grc'><strong>9,</strong></span> <span class='ocrx_word' id='word_1_434' title='bbox 2259 2923 2328 2965; x_wconf 80' lang='grc'><strong>64.</strong></span> 
     </span>
     <span class='ocr_line' id='line_1_62' title="bbox 1501 2982 2505 3047; baseline 0.005 -19"><span class='ocrx_word' id='word_1_435' title='bbox 1501 2995 1796 3045; x_wconf 84' lang='lat' dir='ltr'><strong>quamquam</strong></span> <span class='ocrx_word' id='word_1_436' title='bbox 1818 2988 1994 3031; x_wconf 78' lang='lat' dir='ltr'><strong>memet</strong></span> <span class='ocrx_word' id='word_1_437' title='bbox 2016 2982 2116 3032; x_wconf 80' lang='lat' dir='ltr'><strong>mei</strong></span> <span class='ocrx_word' id='word_1_438' title='bbox 2132 2984 2382 3047; x_wconf 79' lang='lat' dir='ltr'><strong>poenitet,</strong></span> <span class='ocrx_word' id='word_1_439' title='bbox 2408 2982 2505 3033; x_wconf 87' lang='lat' dir='ltr'><strong>mit</strong></span> 
     </span>
     <span class='ocr_line' id='line_1_63' title="bbox 1430 3047 2503 3111; baseline 0.005 -15"><span class='ocrx_word' id='word_1_440' title='bbox 1430 3050 1530 3096; x_wconf 89' lang='lat' dir='ltr'><strong>mir</strong></span> <span class='ocrx_word' id='word_1_441' title='bbox 1547 3047 1708 3097; x_wconf 86' lang='lat' dir='ltr'><strong>selbst</strong></span> <span class='ocrx_word' id='word_1_442' title='bbox 1724 3048 2064 3098; x_wconf 81' lang='lat' dir='ltr'><strong>unzufrieden</strong></span> <span class='ocrx_word' id='word_1_443' title='bbox 2086 3049 2192 3111; x_wconf 89' lang='lat' dir='ltr'><strong>bin,</strong></span> <span class='ocrx_word' id='word_1_444' title='bbox 2217 3051 2316 3099; x_wconf 87' lang='lat' dir='ltr'><strong>mir</strong></span> <span class='ocrx_word' id='word_1_445' title='bbox 2338 3051 2503 3101; x_wconf 76' lang='lat' dir='ltr'><strong>selbst</strong></span> 
     </span>
    </p>
   </div>
   <div class='ocr_carea' id='block_1_16' title="bbox 1382 3113 2501 3180">
    <p class='ocr_par' dir='ltr' id='par_1_16' title="bbox 1382 3113 2501 3180">
     <span class='ocr_line' id='line_1_64' title="bbox 1382 3113 2501 3180; baseline 0.004 -16"><span class='ocrx_word' id='word_1_446' title='bbox 1382 3174 1388 3178; x_wconf 68' lang='lat'><em>.</em></span> <span class='ocrx_word' id='word_1_447' title='bbox 1432 3113 1572 3165; x_wconf 87' lang='lat' dir='ltr'><strong>nicht</strong></span> <span class='ocrx_word' id='word_1_448' title='bbox 1594 3117 1823 3180; x_wconf 84' lang='lat' dir='ltr'><strong>geniige,</strong></span> <span class='ocrx_word' id='word_1_449' title='bbox 1860 3131 1926 3166; x_wconf 87' lang='lat' dir='ltr'><strong>an</strong></span> <span class='ocrx_word' id='word_1_450' title='bbox 1952 3115 2049 3166; x_wconf 88' lang='lat' dir='ltr'><strong>mir</strong></span> <span class='ocrx_word' id='word_1_451' title='bbox 2072 3116 2235 3166; x_wconf 86' lang='lat' dir='ltr'><strong>selbst</strong></span> <span class='ocrx_word' id='word_1_452' title='bbox 2258 3116 2376 3167; x_wconf 86' lang='lat' dir='ltr'><strong>sehr</strong></span> <span class='ocrx_word' id='word_1_453' title='bbox 2399 3118 2501 3168; x_wconf 86' lang='lat' dir='ltr'><strong>viel</strong></span> 
     </span>
    </p>
   </div>
   <div class='ocr_carea' id='block_1_17' title="bbox 1431 3181 2509 4187">
    <p class='ocr_par' dir='ltr' id='par_1_17' title="bbox 1431 3181 2502 3382">
     <span class='ocr_line' id='line_1_65' title="bbox 1431 3181 2502 3244; baseline 0.003 -11"><span class='ocrx_word' id='word_1_454' title='bbox 1431 3192 1774 3233; x_wconf 83' lang='lat' dir='ltr'><strong>auszusetzen</strong></span> <span class='ocrx_word' id='word_1_455' title='bbox 1792 3181 1952 3232; x_wconf 85' lang='lat' dir='ltr'><strong>habe:</strong></span> <span class='ocrx_word' id='word_1_456' title='bbox 1977 3185 2092 3232; x_wconf 86' lang='lat' dir='ltr'><strong>Ter.</strong></span> <span class='ocrx_word' id='word_1_457' title='bbox 2107 3182 2312 3234; x_wconf 89' lang='lat' dir='ltr'><strong>Phorm.</strong></span> <span class='ocrx_word' id='word_1_458' title='bbox 2334 3185 2357 3233; x_wconf 93' lang='grc' dir='ltr'><strong>Ι</strong></span> <span class='ocrx_word' id='word_1_459' title='bbox 2380 3182 2429 3244; x_wconf 83' lang='lat'><strong>3,</strong></span> <span class='ocrx_word' id='word_1_460' title='bbox 2449 3190 2502 3236; x_wconf 76' lang='lat'><strong>²0</strong></span> 
     </span>
     <span class='ocr_line' id='line_1_66' title="bbox 1432 3250 2502 3316; baseline 0.002 -17"><span class='ocrx_word' id='word_1_461' title='bbox 1432 3250 1510 3299; x_wconf 87' lang='lat' dir='ltr'><strong>Ita</strong></span> <span class='ocrx_word' id='word_1_462' title='bbox 1546 3250 1775 3316; x_wconf 85' lang='lat' dir='ltr'><strong>plerique</strong></span> <span class='ocrx_word' id='word_1_463' title='bbox 1821 3251 2027 3313; x_wconf 84' lang='lat' dir='ltr'><strong>ingenio</strong></span> <span class='ocrx_word' id='word_1_464' title='bbox 2072 3265 2255 3300; x_wconf 86' lang='lat' dir='ltr'><strong>sumus</strong></span> <span class='ocrx_word' id='word_1_465' title='bbox 2291 3265 2502 3301; x_wconf 75' lang='lat' dir='ltr'><strong>omnest</strong></span> 
     </span>
     <span class='ocr_line' id='line_1_67' title="bbox 1436 3318 2477 3382; baseline -0.001 -16"><span class='ocrx_word' id='word_1_466' title='bbox 1436 3318 1599 3368; x_wconf 81' lang='lat' dir='ltr'><strong>nostri</strong></span> <span class='ocrx_word' id='word_1_467' title='bbox 1625 3325 1823 3366; x_wconf 88' lang='lat' dir='ltr'><strong>nosmet</strong></span> <span class='ocrx_word' id='word_1_468' title='bbox 1845 3318 2093 3382; x_wconf 85' lang='lat' dir='ltr'><strong>poenitet.</strong></span> <span class='ocrx_word' id='word_1_469' title='bbox 2473 3362 2477 3373; x_wconf 84' lang='grc'><em>,</em></span> 
     </span>
    </p>

    <p class='ocr_par' dir='ltr' id='par_1_18' title="bbox 1433 3382 2504 3584">
     <span class='ocr_line' id='line_1_68' title="bbox 1501 3382 2504 3449; baseline -0.001 -13"><span class='ocrx_word' id='word_1_470' title='bbox 1501 3399 1660 3449; x_wconf 77' lang='lat' dir='ltr'><strong>qenus</strong></span> <span class='ocrx_word' id='word_1_471' title='bbox 1682 3385 1922 3446; x_wconf 78' lang='lat' dir='ltr'><strong>Antonii,</strong></span> <span class='ocrx_word' id='word_1_472' title='bbox 1971 3382 2152 3433; x_wconf 89' lang='lat' dir='ltr'><strong>Einl.1</strong></span> <span class='ocrx_word' id='word_1_473' title='bbox 2186 3385 2219 3446; x_wconf 76' lang='lat' dir='ltr'>S</span> <span class='ocrx_word' id='word_1_474' title='bbox 2255 3382 2316 3433; x_wconf 88' lang='lat'><strong>11</strong></span> <span class='ocrx_word' id='word_1_475' title='bbox 2361 3399 2409 3433; x_wconf 82' lang='lat' dir='ltr'><strong>z.</strong></span> <span class='ocrx_word' id='word_1_476' title='bbox 2435 3383 2504 3435; x_wconf 78' lang='lat' dir='ltr'><strong>A.</strong></span> 
     </span>
     <span class='ocr_line' id='line_1_69' title="bbox 1433 3451 2501 3516; baseline -0.005 -12"><span class='ocrx_word' id='word_1_477' title='bbox 1433 3453 1720 3513; x_wconf 75' lang='lat' dir='ltr'><strong>vehemens,</strong></span> <span class='ocrx_word' id='word_1_478' title='bbox 1748 3453 1795 3502; x_wconf 92' lang='lat'><strong>11</strong></span> <span class='ocrx_word' id='word_1_479' title='bbox 1823 3452 1903 3515; x_wconf 87' lang='lat'><strong>17,</strong></span> <span class='ocrx_word' id='word_1_480' title='bbox 1931 3460 2000 3502; x_wconf 84' lang='lat'><strong>73.</strong></span> <span class='ocrx_word' id='word_1_481' title='bbox 2036 3453 2090 3501; x_wconf 75' lang='lat' dir='ltr'><strong>in</strong></span> <span class='ocrx_word' id='word_1_482' title='bbox 2113 3452 2339 3516; x_wconf 67' lang='lat' dir='ltr'><strong>agendo,</strong></span> <span class='ocrx_word' id='word_1_483' title='bbox 2363 3451 2501 3501; x_wconf 89' lang='lat' dir='ltr'><strong>beim</strong></span> 
     </span>
     <span class='ocr_line' id='line_1_70' title="bbox 1434 3521 1673 3584; baseline 0 -14"><span class='ocrx_word' id='word_1_484' title='bbox 1434 3521 1673 3584; x_wconf 83' lang='lat' dir='ltr'><strong>Vortrag.</strong></span> 
     </span>
    </p>

    <p class='ocr_par' dir='ltr' id='par_1_19' title="bbox 1435 3583 2509 3854">
     <span class='ocr_line' id='line_1_71' title="bbox 1503 3583 2503 3651; baseline -0.004 -13"><span class='ocrx_word' id='word_1_485' title='bbox 1503 3590 1839 3648; x_wconf 78' lang='lat' dir='ltr'><strong>enucleatum,</strong></span> <span class='ocrx_word' id='word_1_486' title='bbox 1874 3583 2223 3651; x_wconf 81' lang='lat' dir='ltr'><strong>durchsichtig</strong></span> <span class='ocrx_word' id='word_1_487' title='bbox 2253 3584 2366 3635; x_wconf 82' lang='lat' dir='ltr'><strong>klar</strong></span> <span class='ocrx_word' id='word_1_488' title='bbox 2394 3585 2503 3635; x_wconf 84' lang='lat' dir='ltr'><strong>und</strong></span> 
     </span>
     <span class='ocr_line' id='line_1_72' title="bbox 1435 3653 2504 3718; baseline -0.003 -13"><span class='ocrx_word' id='word_1_489' title='bbox 1435 3654 1680 3705; x_wconf 74' lang='lat' dir='ltr'><strong>nfichtern</strong></span> <span class='ocrx_word' id='word_1_490' title='bbox 1719 3654 2017 3718; x_wconf 70' lang='lat' dir='ltr'><strong>verstiindig·</strong></span> <span class='ocrx_word' id='word_1_491' title='bbox 2052 3653 2185 3704; x_wconf 89' lang='lat' dir='ltr'><strong>ohne</strong></span> <span class='ocrx_word' id='word_1_492' title='bbox 2212 3653 2295 3703; x_wconf 89' lang='lat' dir='ltr'><strong>die</strong></span> <span class='ocrx_word' id='word_1_493' title='bbox 2318 3653 2504 3702; x_wconf 84' lang='lat' dir='ltr'><strong>Hiillen</strong></span> 
     </span>
     <span class='ocr_line' id='line_1_73' title="bbox 1436 3719 2509 3786; baseline -0.006 -12"><span class='ocrx_word' id='word_1_494' title='bbox 1436 3726 1680 3774; x_wconf 71' lang='lat' dir='ltr'><strong>ausseren</strong></span> <span class='ocrx_word' id='word_1_495' title='bbox 1705 3721 1936 3770; x_wconf 82' lang='lat' dir='ltr'><strong>Prunkes</strong></span> <span class='ocrx_word' id='word_1_496' title='bbox 1962 3719 2084 3786; x_wconf 83' lang='lat' dir='ltr'><strong>(wie</strong></span> <span class='ocrx_word' id='word_1_497' title='bbox 2107 3721 2200 3771; x_wconf 87' lang='lat' dir='ltr'><strong>das</strong></span> <span class='ocrx_word' id='word_1_498' title='bbox 2223 3735 2391 3786; x_wconf 82' lang='lat' dir='ltr'><strong>genus</strong></span> <span class='ocrx_word' id='word_1_499' title='bbox 2420 3723 2509 3769; x_wconf 81' lang='lat' dir='ltr'><strong>At-</strong></span> 
     </span>
     <span class='ocr_line' id='line_1_74' title="bbox 1435 3784 2508 3854; baseline -0.004 -14"><span class='ocrx_word' id='word_1_500' title='bbox 1435 3792 1594 3840; x_wconf 88' lang='lat' dir='ltr'><strong>ticum</strong></span> <span class='ocrx_word' id='word_1_501' title='bbox 1619 3791 1686 3838; x_wconf 91' lang='lat' dir='ltr'><strong>im</strong></span> <span class='ocrx_word' id='word_1_502' title='bbox 1712 3786 1998 3852; x_wconf 84' lang='lat' dir='ltr'><strong>Gegeusatz</strong></span> <span class='ocrx_word' id='word_1_503' title='bbox 2031 3803 2147 3838; x_wconf 86' lang='lat' dir='ltr'><strong>zum</strong></span> <span class='ocrx_word' id='word_1_504' title='bbox 2170 3784 2508 3854; x_wconf 81' lang='lat' dir='ltr'><strong>Asiaticum).</strong></span> 
     </span>
    </p>

    <p class='ocr_par' dir='ltr' id='par_1_20' title="bbox 1504 3855 2259 3916">
     <span class='ocr_line' id='line_1_75' title="bbox 1504 3855 2259 3916; baseline -0.003 -8"><span class='ocrx_word' id='word_1_505' title='bbox 1504 3858 1714 3908; x_wconf 75' lang='lat' dir='ltr'><strong>honeste</strong></span> <span class='ocrx_word' id='word_1_506' title='bbox 1738 3857 1942 3914; x_wconf 85' lang='lat' dir='ltr'><strong>cedens,</strong></span> <span class='ocrx_word' id='word_1_507' title='bbox 1968 3856 2015 3906; x_wconf 89' lang='lat'><strong>11</strong></span> <span class='ocrx_word' id='word_1_508' title='bbox 2038 3855 2120 3916; x_wconf 81' lang='lat'><strong>72,</strong></span> <span class='ocrx_word' id='word_1_509' title='bbox 2146 3858 2259 3906; x_wconf 60' lang='grc'><strong>294.</strong></span> 
     </span>
    </p>

    <p class='ocr_par' dir='ltr' id='par_1_21' title="bbox 1436 3923 2506 4187">
     <span class='ocr_line' id='line_1_76' title="bbox 1505 3923 2506 3989; baseline -0.004 -14"><span class='ocrx_word' id='word_1_510' title='bbox 1505 3933 1574 3975; x_wconf 81' lang='lat'><strong>33.</strong></span> <span class='ocrx_word' id='word_1_511' title='bbox 1601 3925 1769 3989; x_wconf 75' lang='lat' dir='ltr'><strong>aliquo</strong></span> <span class='ocrx_word' id='word_1_512' title='bbox 1789 3925 1841 3973; x_wconf 83' lang='lat' dir='ltr'><strong>in</strong></span> <span class='ocrx_word' id='word_1_513' title='bbox 1860 3938 2082 3986; x_wconf 84' lang='lat' dir='ltr'><strong>numero,</strong></span> <span class='ocrx_word' id='word_1_514' title='bbox 2108 3923 2506 3988; x_wconf 78' lang='lat' dir='ltr'><strong>einigermassen</strong></span> 
     </span>
     <span class='ocr_line' id='line_1_77' title="bbox 1436 3987 2505 4056; baseline -0.002 -15"><span class='ocrx_word' id='word_1_515' title='bbox 1436 3993 1489 4042; x_wconf 89' lang='lat' dir='ltr'><strong>in</strong></span> <span class='ocrx_word' id='word_1_516' title='bbox 1514 3990 1750 4042; x_wconf 83' lang='lat' dir='ltr'><strong>Betracht</strong></span> <span class='ocrx_word' id='word_1_517' title='bbox 1784 3992 2051 4049; x_wconf 84' lang='lat' dir='ltr'><strong>kommen,</strong></span> <span class='ocrx_word' id='word_1_518' title='bbox 2101 3987 2132 4056; x_wconf 76' lang='lat' dir='ltr'>S</span> <span class='ocrx_word' id='word_1_519' title='bbox 2165 3988 2295 4053; x_wconf 82' lang='lat'><strong>213,</strong></span> <span class='ocrx_word' id='word_1_520' title='bbox 2332 3991 2387 4040; x_wconf 80' lang='lat' dir='ltr'><strong>in</strong></span> <span class='ocrx_word' id='word_1_521' title='bbox 2409 4005 2505 4040; x_wconf 79' lang='lat' dir='ltr'><strong>nn-</strong></span> 
     </span>
     <span class='ocr_line' id='line_1_78' title="bbox 1437 4055 2504 4124; baseline -0.007 -14"><span class='ocrx_word' id='word_1_522' title='bbox 1437 4075 1577 4110; x_wconf 84' lang='lat' dir='ltr'><strong>mero</strong></span> <span class='ocrx_word' id='word_1_523' title='bbox 1601 4061 1738 4111; x_wconf 85' lang='lat' dir='ltr'><strong>nullo</strong></span> <span class='ocrx_word' id='word_1_524' title='bbox 1762 4073 1879 4109; x_wconf 79' lang='lat' dir='ltr'><strong>esse</strong></span> <span class='ocrx_word' id='word_1_525' title='bbox 1900 4064 2099 4124; x_wconf 83' lang='lat' dir='ltr'><strong>potest,</strong></span> <span class='ocrx_word' id='word_1_526' title='bbox 2127 4057 2266 4107; x_wconf 80' lang='lat' dir='ltr'><strong>nicht</strong></span> <span class='ocrx_word' id='word_1_527' title='bbox 2290 4055 2504 4123; x_wconf 76' lang='lat' dir='ltr'><strong>gerech-</strong></span> 
     </span>
     <span class='ocr_line' id='line_1_79' title="bbox 1438 4125 2217 4187; baseline -0.005 -8"><span class='ocrx_word' id='word_1_528' title='bbox 1438 4134 1528 4179; x_wconf 80' lang='lat' dir='ltr'><strong>net</strong></span> <span class='ocrx_word' id='word_1_529' title='bbox 1549 4126 1778 4187; x_wconf 81' lang='lat' dir='ltr'><strong>werden,</strong></span> <span class='ocrx_word' id='word_1_530' title='bbox 1806 4127 1921 4176; x_wconf 86' lang='lat' dir='ltr'><strong>eine</strong></span> <span class='ocrx_word' id='word_1_531' title='bbox 1944 4125 2061 4175; x_wconf 86' lang='lat' dir='ltr'><strong>Null</strong></span> <span class='ocrx_word' id='word_1_532' title='bbox 2087 4126 2217 4176; x_wconf 83' lang='lat' dir='ltr'><strong>sein.</strong></span> 
     </span>
    </p>
   </div>
   <div class='ocr_carea' id='block_1_18' title="bbox 1508 4190 2200 4345">
    <p class='ocr_par' dir='ltr' id='par_1_22' title="bbox 1508 4190 2200 4345">
     <span class='ocr_line' id='line_1_80' title="bbox 1508 4190 2200 4262; baseline -0.003 -16"><span class='ocrx_word' id='word_1_533' title='bbox 1508 4197 1683 4262; x_wconf 79' lang='lat' dir='ltr'><strong>quale,</strong></span> <span class='ocrx_word' id='word_1_534' title='bbox 1709 4194 1842 4246; x_wconf 86' lang='lat' dir='ltr'><strong>Einl.</strong></span> <span class='ocrx_word' id='word_1_535' title='bbox 1868 4194 1891 4246; x_wconf 92' lang='lat'>1</span> <span class='ocrx_word' id='word_1_536' title='bbox 1915 4190 1949 4261; x_wconf 75' lang='lat' dir='ltr'>S</span> <span class='ocrx_word' id='word_1_537' title='bbox 1975 4192 2041 4243; x_wconf 79' lang='lat' dir='ltr'><strong>lo</strong></span> <span class='ocrx_word' id='word_1_538' title='bbox 2065 4209 2111 4245; x_wconf 77' lang='lat' dir='ltr'><strong>z.</strong></span> <span class='ocrx_word' id='word_1_539' title='bbox 2137 4194 2200 4244; x_wconf 75' lang='lat' dir='ltr'><strong>A.</strong></span> 
     </span>
     <span class='ocr_line' id='line_1_81' title="bbox 1967 4277 2099 4345; baseline 0 0"><span class='ocrx_word' id='word_1_540' title='bbox 1967 4277 2099 4345; x_wconf 83' lang='lat'><strong>19¹¹·</strong></span> 
     </span>
    </p>
   </div>
  </div>
 </body>
</html>
