2930 4693
787 196 885 260 DE
926 194 1282 260 ORATORE
1326 195 1401 259 {ss
1443 196 1546 259 50.
1588 201 1895 256 191-194,
2328 198 2456 263 299

222 366 311 424 ris
349 363 677 425 vincienda.
764 363 970 445 Neque
1010 384 1113 426 vos
1151 384 1344 446 paeon
1384 373 1488 426 aut
1525 366 1745 427 herous
1785 354 1885 426 ille
1915 363 2270 426 conturbet.-
2335 364 2454 445 ipsi
2486 372 2583 424 191

223 456 546 510 occurrent
572 450 855 520 orationi,
888 451 1032 530 ipsi,
1074 453 1345 531 inquam,
1390 469 1455 511 se
1486 445 1739 511 dfferent
1767 458 1828 511 et
1856 449 2305 529 respondebunt
2333 464 2455 510 non

222 536 431 597 vocati.
509 534 886 595 Consuetudo
928 535 1105 596 modo
1133 535 1232 597 illa
1263 537 1339 596 sit
1368 535 1670 596 scribendi
1699 541 1875 615 atque
1917 534 2182 604 dicendi,
2226 543 2291 595 ut
2319 550 2454 595 sen-

223 621 443 679 tentiae
470 618 671 680 verbis
697 620 978 681 finiantur
1008 638 1332 701 eorumque
1364 620 1680 681 verborum
1704 620 1934 681 iunctio
1953 627 2232 682 nascatur
2261 638 2294 679 a
2316 636 2457 698 pro-

222 705 379 765 ceris
408 705 675 765 numeris
704 722 772 766 ac
802 703 1034 776 liberis,
1076 707 1333 777 maxime
1360 705 1549 767 heroo
1579 712 1680 766 aut
1709 720 1936 785 paeone
1964 706 2168 785 priore
2196 710 2297 766 aut
2325 722 2456 765 cre-

222 790 361 858 tico,
394 789 499 850 sed
534 790 689 851 varie
721 788 1113 871 distincteque
1143 790 1429 852 considat.
1490 791 1740 853 Notatur
1772 792 1929 851 enim
1961 791 2217 851 maxime
2248 787 2456 850 simili·

219 874 365 935 tudo
395 876 459 934 in
488 875 981 954 conquiescendo.
1042 875 1133 944 Et,
1165 876 1216 935 si
1247 877 1423 955 pritni
1453 882 1514 936 et
1542 875 1830 954 postremi
1858 873 1944 935 illi
1972 874 2155 954 pedes
2183 882 2321 935 sunt
2343 874 2456 935 hac

218 960 452 1019 ratione
481 960 713 1030 servati,
746 959 925 1020 medii
953 968 1201 1040 possunt
1228 959 1432 1031 latere,
1465 958 1645 1022 modo
1675 978 1751 1021 ne
1780 961 2062 1021 circuitus
2088 960 2217 1039 ipse
2242 958 2456 1020 verbo-

217 1062 355 1104 rum
385 1046 462 1104 sit
491 1054 591 1105 aut
618 1043 873 1115 brevior,
906 1063 1084 1125 quam
1115 1063 1289 1106 aures
1310 1050 1671 1124 exspectent,
1704 1051 1803 1105 aut
1821 1044 2074 1124 longIor,
2100 1062 2278 1124 quam
2301 1045 2456 1105 vires

217 1136 397 1208 atque
428 1131 623 1189 anima
651 1131 926 1210 patiatur.
1015 1129 1317 1192 Clausulas
1346 1139 1545 1192 autem
1577 1129 1916 1208 diligentius
1945 1131 2121 1190 etiam
2164 1142 2402 1191 servan·
2424 1125 2626 1198 50192

216 1213 327 1274 das
357 1231 487 1274 esse
516 1213 776 1275 arbitror
805 1232 981 1297 quam
1010 1216 1336 1296 superiora,
1367 1215 1526 1296 quod
1556 1217 1619 1275 in
1649 1217 1735 1276 eis
1763 1216 2019 1276 maxime
2047 1214 2338 1294 perfectio
2367 1223 2453 1275 at-

215 1316 337 1379 que
368 1297 657 1359 absolutio
687 1300 1017 1361 iudicatur.-
1074 1300 1223 1361 Nam
1253 1316 1458 1362 versus
1488 1317 1674 1380 aeque
1704 1301 1895 1379 prima
1938 1306 1998 1360 et
2038 1299 2233 1360 media
2264 1307 2324 1360 et
2352 1318 2453 1360 ex·

214 1392 410 1443 trema
440 1402 581 1463 pars
609 1383 949 1455 attenditur,
981 1387 1083 1464 qui
1113 1384 1472 1455 debilitatur,
1503 1386 1566 1445 in
1596 1400 1967 1466 quacumque
1998 1391 2087 1445 est
2114 1392 2285 1464 parte
2313 1386 2453 1445 titu-

214 1468 455 1537 batum;
486 1471 553 1529 in
580 1471 848 1532 oratione
879 1477 1077 1531 autem
1107 1472 1281 1550 pauci
1311 1472 1504 1550 prima
1534 1477 1805 1540 cernunt,
1837 1477 2140 1549 postrema
2161 1466 2449 1550 plerique,

214 1570 374 1633 quae
404 1556 683 1633 quoniam
715 1562 1003 1634 apparent
1032 1563 1091 1615 et
1118 1554 1561 1634 intelleguntur,
1593 1554 1874 1616 varianda
1904 1560 2058 1625 sunt,
2091 1568 2167 1614 ne
2198 1561 2298 1615 aut
2327 1555 2453 1614 ani-

215 1656 456 1699 morum
496 1638 729 1700 iudiciis
770 1640 1159 1719 repudientur
1203 1647 1303 1701 aut
1344 1641 1576 1701 aurium
1607 1641 1896 1700 satietate.
1977 1638 2104 1699 Duo
2147 1640 2308 1699 enim
2350 1646 2452 1699 aut
2482 1645 2585 1699 193

213 1732 344 1784 tres
374 1723 501 1784 lere
526 1731 666 1784 sunt
694 1724 945 1786 extremi
971 1725 1248 1786 servandi
1277 1733 1338 1786 et
1367 1723 1612 1786 notandi
1638 1723 1821 1805 pedes
1849 1724 1921 1801 (si
1950 1722 2128 1784 modo
2163 1740 2284 1784 non
2313 1722 2450 1784 bre·

212 1809 382 1869 viora
414 1815 472 1869 et
499 1812 766 1889 praecisa
798 1816 974 1871 erunt
1002 1810 1352 1892 superiora),
1383 1824 1533 1890 quos
1561 1819 1664 1870 aut
1692 1810 1946 1870 choreos
1974 1815 2075 1869 aut
2103 1802 2323 1870 heroos
2352 1816 2453 1868 aut

213 1893 483 1954 asternos
512 1912 640 1954 esse
671 1894 969 1975 oportebit
1013 1903 1113 1956 aut
1142 1897 1203 1955 in
1235 1910 1463 1974 paeone
1491 1892 1595 1955 illo
1625 1895 1986 1975 posteriore,
2019 1908 2197 1974 quem
2226 1895 2451 1954 Aristo·

211 1976 369 2038 teies
399 1977 639 2058 probat,
672 1987 772 2041 aut
802 1982 858 2041 ei
886 1981 1017 2060 pari
1047 1982 1289 2041 cretico.
1346 1980 1575 2040 Horum
1605 1978 2036 2040 vicissitudines
2065 1978 2353 2049 efficient,
2386 1987 2452 2039 ut

215 2081 415 2143 neque
456 2065 512 2124 ei
541 2051 861 2137 satientffr,
903 2066 1006 2145 qui
1045 2065 1313 2137 audient,
1356 2064 1592 2126 fastidio
1632 2064 2035 2126 similitudinis
2076 2081 2188 2124 nec
2230 2081 2340 2124 nos
2369 2063 2447 2133 id,

212 2147 380 2228 quod
420 2147 733 2221 faciemus,
777 2167 959 2231 opera
1003 2150 1201 2212 dedita
1241 2150 1441 2212 facere
1482 2149 1806 2213 videamur.
1893 2147 2116 2220 Quodsi
2143 2150 2453 2228 Antipater
2482 2148 2586 2209 194

286 2371 570 2432 vincienda,
590 2374 747 2423 Arist.
760 2372 831 2423 111
854 2371 891 2422 8-
961 2364 1019 2424 'v
1043 2367 1108 2424 δὲ
1133 2367 1287 2436 λέξιν
1385 2372 1499 2422 Lat.
1525 2371 1638 2421 Stil.
1670 2369 1703 2437 8
1741 2369 1865 2432 123,
1899 2379 1942 2425 2.
2012 2369 2323 2430 debilitatur,
2359 2370 2451 2420 der

213 2431 447 2506 ἀνάγκη
469 2434 791 2505 εῖναι-τῷ
808 2389 1104 2508 awanam
1122 2440 1282 2507 μίαν.
1386 2455 1549 2504 ganz
1562 2454 1590 2489 e
1612 2439 1761 2489 Vers.

290 2517 383 2558 191.
408 2508 543 2572 Ipsi,
567 2506 600 2574 8
630 2507 745 2559 182.
780 2509 1176 2575 respondebunt,
1202 2509 1284 2558 ein
1451 2511 1510 2558 in
1530 2509 1765 2558 oratione
1786 2503 1819 2572 8
1849 2505 1964 2557 153.

212 2576 577 2626 ωἱὶίιᾱήεοὴει·
598 2577 896 2637 Ausdruck,
934 2577 1016 2627 bei
1040 2577 1130 2627 der
1156 2578 1282 2626 Ver-
1454 2578 1732 2626 animorum
1763 2575 1992 2633 iudiciis,
2043 2573 2171 2623 uach
2219 2574 2446 2623 hevuse-

214 2646 407 2709 lesung
431 2660 496 2693 zu
521 2645 777 2695 erkennen
803 2647 990 2710 geben,
1017 2645 1140 2695 dass
1164 2658 1282 2693 man
1384 2654 1505 2703 tem,
1527 2642 1621 2693 auf
1633 2641 1973 2692 fistbetischen
1987 2640 2341 2691 Grundsfitzen
2361 2656 2447 2690 ru-

213 2715 288 2763 da
312 2713 382 2761 ist
403 2711 495 2776 (ad
518 2713 725 2762 nomina
749 2714 832 2776 r.),
858 2713 1016 2764 daher
1037 2711 1147 2762 sich
1171 2713 1283 2761 ein·
1385 2711 1604 2760 hendem
1626 2710 1807 2772 Urteil,
1843 2710 1938 2760 wie
1973 2725 2022 2760 z.
2046 2709 2107 2758 B.
2132 2697 2213 2759 be'i
2234 2709 2452 2758 wieder-

208 2781 431 2844 aenon.
460 2788 719 2840 nascatur,
733 2781 947 2844 auhebe,
962 2779 1282 2847 Niigelsbach
1385 2777 1902 2844 holterAnweuduug
1926 2778 2019 2828 des
2037 2777 2334 2827 Dichoreus.
2361 2777 2447 2829 Or.

212 2849 331 2899 Lat.
346 2847 457 2899 Stil.
481 2845 514 2914 8
545 2846 656 2911 130,
675 2843 716 2898 2.
755 2851 1004 2908 considat,
1018 2848 1280 2899 schliesse.
1384 2845 1470 2907 63,
1496 2856 1574 2897 213
1600 2844 1880 2896 Dichoreus
1907 2860 2006 2896 non
2033 2855 2111 2895 est
2133 2845 2219 2896 ille
2243 2845 2449 2910 quidem

289 2917 386 2965 hac
406 2919 626 2977 ratione,
653 2917 782 2966 uach
802 2915 1282 2969 dieserVorschrift.
1383 2930 1479 2966 sua
1504 2922 1688 2981 sponte
1712 2914 1926 2965 vitiosus
1959 2915 2012 2963 iu
2049 2913 2320 2975 clausulis,
2355 2913 2450 2962 sed

290 2985 494 3035 brevior·
528 2994 648 3043 etc„
687 2986 841 3038 Arist.
874 2985 1002 3035 rhet.
1040 2986 1108 3036 111
1139 2982 1175 3033 9
1219 2976 1283 3035 τὸ
1386 2984 1439 3032 in
1462 2983 1706 3033 orationis
1731 2997 1946 3033 numero
1977 2981 2101 3033 nihil
2132 2991 2212 3032 est
2242 2991 2346 3031 tam
2374 2982 2449 3030 vi-

172 3057 183 3064 '
213 3045 327 3120 μὲν
351 3044 460 3120 γὰρ
483 3044 731 3133 μικρὸν
755 3051 1135 3118 προσπταίειν
1149 3053 1286 3103 πολ·
1386 3052 1573 3101 tiosum
1599 3054 1752 3115 quam
1777 3051 1822 3101 si
1846 3065 2050 3117 semper
2071 3059 2152 3100 est
2176 3050 2340 3109 idem;
2365 3063 2450 3097 ca-

214 3111 385 3178 λοὶκις
406 3124 693 3172 ποιεῖτον
714 3112 931 3185 &uocat
955 3117 1031 3173 'v‘
1057 3112 1284 3186 ἀνάγκη
1388 3120 1464 3170 dit
1500 3128 1669 3169 autem
1705 3133 1798 3184 per
1831 3134 1889 3168 se
1920 3119 2034 3184 ipse
2065 3118 2151 3167 ille
2173 3117 2449 3182 praeclare,

215 3181 331 3256 γὰρ
364 3178 506 3240 ὅταν
542 3182 626 3240 ἔτι
656 3179 845 3255 ὁρμῶν
877 3182 947 3240 ἐπ
993 3181 1070 3252 6τὸ
1095 3180 1285 3252 πόρρω
1387 3201 1489 3251 quo
1536 3188 1689 3238 etiam
1737 3188 1945 3236 satietas
1991 3185 2314 3234 formidanda
2372 3193 2451 3232 est

213 3255 322 3336 ζειαὶ
355 3250 421 3308 τὸ
454 3251 691 3339 februum,
736 3247 827 3335 0⁴35⁸
852 3252 969 3323 ἔχει
1004 3250 1068 3308 ἐν
1100 3247 1285 3321 ἑαυτῷ
1386 3257 1569 3320 magis.
1619 3324 1633 3335 ⁶

212 3340 359 3445 253:
370 3362 385 3389 ’
395 3318 1283 3459 ngzogzaevonyfffflgngvffl
1387 3322 1922 3453 ᾶθέθξῐοξειιιιέἕὲἷῖιιῖἔ
1931 3425 1945 3448 ,
1953 3357 1968 3381 ⁹
1981 3319 2102 3437 ‘³222
2107 3334 2271 3436 ndizull’·
2275 3326 2452 3435 εξίῗιὶῒ

216 3453 332 3526 τὴν
361 3451 749 3527 ἀντίκρουσιν.
816 3453 889 3512 τὰ
936 3455 1004 3512 δὲ
1051 3474 1189 3527 pau
1245 3452 1284 3509 ἀ
1387 3457 1527 3508 nicht
1584 3457 1837 3519 abbricht,
1897 3455 2119 3505 sondern
2168 3451 2450 3504 ordentlich

214 3524 652 3580 &salutassemus
696 3532 863 3581 ποιεῖ
888 3517 1073 3592 ὥσπερ
1107 3521 1168 3578 οἱ
1197 3475 1285 3590 ἕξ·
1387 3524 1635 3588 νει-Ιόυΐι,
1675 3525 1881 3575 konnen
1917 3523 1999 3573 die
2033 3520 2310 3589 folgenden
2345 3521 2447 3570 Re·

218 3591 411 3661 ωτέρο
441 3588 915 3661 ἄκοκᾶμπτοντες
948 3593 1052 3647 τοῦ
1083 3590 1179 3658 τέο
1221 3610 1286 3644 α·
1385 3593 1505 3658 gelu
1531 3591 1611 3642 rur
1636 3592 1734 3642 den
1761 3589 2063 3642 Schlussl'all
2086 3589 2277 3656 gelten.

218 3679 347 3744 τος·
397 3656 774 3716 ἀπολείπουσι
793 3657 931 3743 ,γὰρ
976 3661 1079 3716 καὶ
1124 3610 1285 3715 infisus
1456 3662 1670 3712 choreas
1694 3670 1819 3722 etc.,
1845 3674 1888 3709 s.
1915 3659 2024 3709 ind.
2050 3657 2324 3708 clausulae.

220 3749 359 3792 τους
383 3747 979 3799 συμπεριπατουντας.
1454 3732 1708 3788 alternos,
1741 3726 2097 3778 abwecbselud
2129 3725 2250 3778 bald
2284 3738 2446 3790 paeon

290 3802 475 3859 απὶηια,
500 3797 533 3866 8
558 3799 677 3851 181.
702 3801 786 3851 Or.
810 3799 898 3865 66,
916 3809 995 3850 222
1018 3815 1048 3849 e
1070 3807 1287 3863 quatuor
1389 3805 1616 3862 quartus,
1643 3795 1761 3846 bald
1784 3795 2017 3845 creticus.
2389 3863 2392 3864 ⁷

220 3869 377 3935 igitur
400 3870 548 3931 quasi
570 3869 980 3919 hexametrorum
996 3869 1158 3918 instar
1173 3882 1287 3917 ver·
1455 3879 1621 3930 opera
1642 3864 1835 3923 dedita,
1859 3863 1953 3913 mit
1973 3861 2327 3912 absichtlicher
2349 3857 2445 3910 Be-

221 3952 374 3988 snum
423 3937 560 4000 quod
594 3937 688 3997 sit,
737 3946 937 3987 constat
983 3936 1089 3986 fere
1134 3935 1286 4001 plena
1388 3933 1668 3997 rechnung.
1715 3931 1798 3983 Or.
1824 3929 1908 3991 51,
1937 3939 2011 3980 170
2035 3930 2183 3979 nimis
2208 3928 2445 3977 enimin-

221 4004 630 4070 comprebensio.
1390 4001 1634 4050 sidiamm
1660 4000 1727 4050 ad
1747 3998 2023 4065 capiendas
2043 4009 2193 4047 aures
2217 3995 2448 4047 adhiheri

289 4072 378 4136 50,
398 4082 491 4124 192.
517 4075 809 4137 superiora,
835 4071 1186 4137 dieAui'fiuge.
1233 4071 1288 4120 in
1389 4068 1617 4130 videtur,
1650 4068 1695 4116 si
1729 4068 1878 4119 etiam
1915 4067 1965 4115 in
2002 4064 2217 4115 dicendo
2252 4063 2449 4114 numeri

224 4142 301 4192 eis
321 4165 390 4178 -
423 4142 705 4201 iudicatur,
742 4142 778 4190 i.
812 4155 859 4193 e.
896 4140 1139 4190 iudicium
1173 4153 1288 4203 per·
1389 4136 1454 4185 ab
1481 4146 1680 4185 oratore
1714 4142 2049 4197 quaeruntur3
2086 4132 2184 4183 boc
2216 4132 2332 4182 freti
2362 4131 2450 4180 isti

221 4207 458 4259 fectionis
515 4210 740 4273 positum
788 4216 883 4257 est.
958 4204 1289 4272 ’Nigelsbach
1391 4213 1442 4253 et
1464 4205 1567 4269 ipsi
1589 4202 1804 4254 infracta
1822 4210 1872 4252 et
1888 4209 2152 4266 amputata
2172 4201 2449 4265 loquuntur

1910 4285 2048 4355 23*
