2930 4693
939 193 1013 240 11.
1058 194 1485 242 KamsenER
1528 195 1843 244 ANHANG.
2369 182 2493 254 395

266 350 514 469 {nemoria
548 359 724 402 nostra
751 356 903 414 atque
945 353 1219 418 excitatur,
1264 354 1488 403 sondern
1526 352 1658 403 auch
1693 354 1820 404 locis
1847 355 1917 404 im
1940 313 2157 410 Abrincas
2188 370 2243 408 u.
2276 345 2384 407 Eril
2418 360 2495 408 la

294 419 504 553 81118315,
530 498 610 540 367
645 490 799 557 Agite
828 506 978 552 vero,
1026 492 1111 541 ille
1151 492 1314 555 inquit
1351 499 1473 542 statt
1518 492 1671 558 Agite
1705 507 1857 558 vero,
1902 494 2067 557 inquit
2105 492 2217 558 (ille
2258 493 2385 546 fehlt
2424 454 2493 545 im

267 560 474 614 Abrinc.
504 575 555 609 u.
584 559 685 611 Erl.
715 562 751 614 l.
782 560 865 625 11).

1226 749 1306 812 111
1349 750 1416 811 Β.

406 907 433 958 l
450 943 463 964 ,
488 915 515 956 3
550 907 774 956 omnium
801 920 1054 957 consensu
1081 905 1154 955 sic
1177 920 1293 956 esse
1315 905 1594 955 iudicatum
1623 904 1833 956 Abrinc.
1858 905 1963 957 Erl.
1991 907 2031 960 1.
2056 906 2102 955 11
2129 912 2248 958 statt
2269 909 2493 958 omnium

265 991 519 1030 consensu
541 978 616 1027 sic
644 991 759 1026 esse
792 973 943 1041 [tum]
976 976 1272 1027 iudicatum.

404 1046 467 1111 3,
496 1055 547 1095 10
577 1047 904 1096 simulacrum
932 1047 1118 1096 Vestae
1147 1060 1438 1111 respersum
1478 1060 1593 1095 esse
1622 1046 1750 1096 vidit
1783 1052 1904 1096 statt
1940 1046 2265 1096 simulacrum
2303 1049 2492 1099 Vestae

266 1132 561 1183 respersum
586 1116 715 1165 vidit
741 1115 825 1180 (so
852 1115 1051 1165 Ellendt
1077 1115 1204 1165 nach
1230 1112 1485 1178 Lambin).
1581 1143 1587 1147 >

402 1186 462 1248 9,
493 1194 544 1235 33
579 1186 742 1235 maior
774 1186 826 1234 in
852 1186 1021 1235 verbis
1045 1185 1292 1251 eligendis
1324 1186 1468 1235 labor
1490 1183 1678 1234 Schiitz
1708 1191 1829 1236 statt
1852 1186 2015 1235 maior
2040 1186 2092 1235 in
2120 1187 2289 1236 verbis
2315 1184 2491 1253 [quam

262 1258 315 1306 in
344 1254 629 1322 sententiis]
658 1255 909 1320 eligendis
937 1255 1094 1320 labor.
1364 1259 1372 1267 '

401 1324 463 1386 9,
492 1334 542 1376 34
577 1341 707 1388 quae
748 1326 880 1376 inter
915 1341 972 1375 se
1012 1324 1324 1392 discrepant.
1392 1324 1531 1374 Bake
1566 1324 1834 1391 corrigiert
1870 1326 1970 1375 wol
2002 1327 2095 1377 mit
2129 1325 2316 1378 Recht:
2362 1342 2494 1392 quae

264 1398 396 1447 iuter
419 1412 475 1446 se
502 1396 807 1460 discrepent.

406 1466 498 1530 10,
524 1474 577 1516 39
616 1465 751 1529 quod
779 1465 1042 1515 ostendam
1066 1472 1187 1516 statt
1211 1466 1249 1530 †
1279 1465 1414 1529 quod
1437 1464 1702 1515 ostendam
1722 1463 1809 1529 (so
1837 1464 2058 1528 Ernesti,
2085 1464 2177 1515 der
2201 1466 2287 1516 die
2312 1466 2493 1518 Worte

261 1537 346 1588 fiir
379 1542 584 1601 corrupt
622 1533 771 1594 hielt3
811 1534 942 1585 anch
978 1535 1170 1600 Kayser
1200 1534 1308 1585 halt
1340 1535 1416 1584 sie
1455 1533 1540 1584 fiir
1572 1533 1774 1585 unecht.
1840 1532 1994 1583 Orelli
2034 1543 2311 1586 vermutet:
2344 1537 2493 1602 ‘quod

263 1607 385 1670 qnid
411 1601 721 1669 ostendam).

402 1677 497 1740 14,
522 1684 572 1724 51
610 1682 659 1724 te
690 1681 968 1739 sectemur,
1005 1680 1055 1723 te
1093 1674 1360 1726 audiamus
1388 1682 1510 1725 statt
1545 1681 1595 1723 te
1632 1680 1914 1737 sectemur,
1953 1674 1990 1740 ·Ι·
2021 1680 2071 1723 te
2097 1674 2368 1726 audiamus
2407 1674 2490 1740 (so

260 1745 494 1804 Ellendt,
532 1745 623 1795 der
658 1745 741 1794 die
769 1743 946 1793 Worte
981 1759 1073 1794 aus
1106 1744 1222 1794 dem
1258 1746 1387 1796 Text
1416 1742 1638 1795 entfernt
1673 1745 1861 1794 wissen
1893 1744 2024 1808 will,
2061 1744 2221 1794 werin
2251 1744 2356 1795 ihm
2387 1760 2492 1802 nun
2576 1747 2587 1759 ⁶

199 1813 204 1817 ’
260 1815 392 1865 auch
419 1814 612 1879 Kayser
636 1812 833 1878 gefolgt
863 1814 957 1876 ist,
995 1813 1088 1866 der
1117 1814 1246 1864 auch
1272 1816 1357 1866 die
1385 1812 1843 1880 vorausgehenden
1869 1812 2049 1863 Worte
2085 1829 2238 1877 quam
2267 1823 2317 1866 te
2347 1816 2492 1866 inviti

261 1885 529 1935 audiamus
557 1885 608 1933 in
635 1884 924 1934 Klammern
949 1882 1215 1947 schliesst3
1243 1884 1393 1936 Orelli
1422 1890 1728 1934 vermutete:
1756 1891 1805 1933 te
1832 1882 2187 1949 admiremur).

403 1957 499 2018 14,
535 1963 586 2004 53
622 1954 674 2003 id
708 1963 812 2016 est,
853 1953 990 2017 quod
1026 1953 1171 2009 dico.
1213 1961 1406 2007 ornate.
1477 1954 1574 2014 Qui
1608 1961 1704 2006 etc.
1744 1959 1866 2004 statt
1896 1953 1934 2018 -Ι-
1961 1953 2016 2004 id
2042 1963 2151 2018 est,
2186 1956 2321 2019 quod
2359 1955 2490 2020 dico,

262 2034 454 2076 ornate.
507 2023 605 2085 Qui
640 2032 732 2073 etc.
791 2021 977 2071 Schutz
1003 2023 1107 2072 und
1132 2023 1336 2075 Miiller:
1362 2024 1417 2073 id
1439 2031 1537 2087 est,
1564 2025 1651 2088 qui
1678 2024 1852 2073 dicunt
1879 2031 2073 2075 ornate.
2126 2024 2224 2086 Qui
2249 2034 2344 2077 etc.
2405 2026 2490 2076 El·

263 2096 435 2145 lendt:
476 2095 521 2143 ei
550 2101 685 2157 sunt,
718 2094 804 2157 qui
830 2093 1005 2143 dicunt
1027 2099 1231 2156 ornate3
1261 2095 1346 2159 qui
1373 2102 1467 2148 etc.

404 2162 497 2227 16,
526 2172 577 2215 60
612 2164 836 2224 Quorum
857 2162 1097 2228 princeps
1119 2161 1492 2228 Socrates,fuit.
1542 2165 1609 2222 ls,
1636 2163 1722 2226 qui
1748 2169 1839 2214 etc.
1871 2162 1928 2216 P.
1957 2170 2078 2214 statt
2095 2164 2318 2226 Quorum
2347 2166 2491 2230 prin-

264 2248 386 2300 ceps
414 2231 641 2285 Socrates
676 2231 815 2300 [fuit]
847 2233 910 2292 is,
938 2233 1025 2297 qui
1053 2240 1146 2282 etc.
1178 2233 1259 2298 (s’o
1287 2233 1514 2292 Ellendt;
1548 2234 1767 2297 Kayser:
1798 2247 2014 2295 quorum
2043 2235 2283 2300 princeps
2311 2233 2489 2285 Socra-

261 2301 492 2370 tes-[fuit
517 2297 582 2365 is',
612 2301 719 2372 qui]
758 2303 981 2355 omnium
1007 2310 1102 2357 etc.
1133 2305 1234 2356 und
1261 2301 1483 2354 hernach
1511 2302 1760 2369 [omnium
1789 2300 1887 2353 fuit
1917 2301 2066 2354 facile
2092 2302 2373 2371 princesz.
2400 2362 2405 2367 ,

402 2374 496 2435 18,
527 2383 577 2425 65
611 2374 711 2425 Sed
738 2382 1006 2436 utrumque
1036 2379 1115 2422 est
1140 2375 1192 2423 in
1217 2374 1299 2424 his
1327 2383 1447 2426 statt
1475 2373 1568 2424 sed
1596 2372 1634 2437 ἦ·
1653 2381 1924 2437 utrumque
1946 2380 2024 2423 est
2049 2374 2101 2424 in
2127 2373 2208 2425 his
2234 2374 2485 2436 (Ellendtz

258 2449 515 2507 utcunque
545 2452 649 2503 est,
690 2445 740 2492 in
778 2442 861 2492 his
896 2468 967 2479 —
993 2443 1128 2507 quod
1165 2444 1454 2494 abhorreat.
1539 2442 1719 2494 Orelli:
1758 2443 1850 2493 sed
1881 2458 2059 2493 verum
2092 2452 2262 2494 utrum
2289 2459 2488 2507 cunque

255 2523 352 2573 est,
379 2522 458 2563 est
486 2514 538 2561 in
567 2511 649 2561 his
678 2520 773 2562 etc.
827 2511 967 2561 Bake
992 2513 1201 2563 streicht
1224 2522 1513 2578 utrumque,
1543 2511 1872 2578 desgleichen
1902 2511 2128 2564 hernach
2156 2521 2355 2565 oratore
2381 2514 2487 2565 und

254 2582 480 2632 schreibt
507 2582 643 2632 danii
670 2581 809 2643 velut
837 2589 958 2632 statt
983 2580 1108 2646 vel).

365 2690 371 2697 .
400 2650 495 2713 18,
527 2661 579 2702 65
615 2666 674 2700 ac
699 2659 856 2701 totum
887 2653 1136 2703 eiusmodi
1165 2654 1366 2703 Ernesti
1402 2660 1523 2704 statt
1550 2652 1588 2716 †
1617 2659 1839 2702 attamen
1867 2653 2121 2703 eiusmodi
2157 2652 2393 2718 (Miillerz
2428 2669 2488 2704 ac

251 2729 454 2784 tamen3
499 2720 813 2773 Olshausen:
852 2730 938 2772 aut
963 2731 1133 2774 tamen
1144 2738 1163 2785 ς
1206 2722 1435 2774 Ellendt:
1482 2719 1563 2787 [ac
1588 2730 1757 2773 tamen
1784 2749 1856 2761 -—
1878 2720 2098 2789 possitJ,
2140 2722 2356 2774 Lambin
2382 2725 2489 2775 und

256 2789 437 2841 Orelli:
474 2806 534 2841 ac
563 2791 811 2853 tandem).

394 2861 491 2924 20,
520 2869 570 2910 71
608 2868 851 2926 quantum
875 2862 988 2926 ipse
1018 2859 1232 2912 forsitan
1268 2861 1414 2912 vobis
1450 2863 1627 2914 videar
1652 2870 1770 2914 statt
1798 2867 2042 2927 quantum
2073 2857 2206 2928 [ipse
2271 2860 2486 2914 forsitan

255 2931 402 2980 vobis
427 2932 621 2981 videar.
675 2930 770 2997 (So
800 2938 972 2981 zuerst
996 2931 1227 2996 Ernesti,
1259 2932 1396 2982 daun
1425 2932 1632 2991 Schiitz,
1662 2932 1894 2995 Ellendt,
1924 2932 2113 2982 zuletzt
2140 2931 2184 2981 K
2214 2929 2382 2998 yser.)

393 3001 492 3064 21,
529 3010 579 3051 79
627 3001 752 3052 istos
792 3001 993 3065 quidem
1025 3003 1354 3068 philosophos
1386 3003 1691 3055 verberabit.
1750 3001 1820 3052 So
1853 3002 1919 3052 ist
1943 3008 2065 3052 statt
2100 3001 2192 3051 des
2233 3001 2483 3053 handsch.

255 3071 382 3121 istos
409 3070 613 3135 quidem
642 3079 842 3121 nostros
865 3069 957 3136 (an
977 3071 1095 3123 dem
1121 3073 1278 3123 sehon
1304 3073 1506 3124 Ernesti
1527 3074 1747 3125 Austoss
1771 3070 1940 3136 nahm,
1970 3071 2107 3122 daun
2127 3070 2256 3121 auch
2278 3069 2484 3135 Schiitz‚

253 3139 455 3190 Ellendt
490 3141 594 3190 und
620 3140 836 3205 Kayser)
863 3140 1282 3193 wahrscheinlich
1309 3159 1373 3192 zu
1397 3144 1567 3199 lesen:
1610 3150 1813 3194 nostros
1847 3143 1914 3191 ist
1951 3156 2045 3192 aus
2073 3140 2189 3190 dem
2226 3139 2484 3203 iiblichen‚

251 3210 345 3258 mit
381 3211 471 3259 der
500 3210 818 3275 Abkiirzung
846 3225 948 3260 von
977 3222 1181 3263 nostros
1222 3212 1373 3262 leicht
1411 3228 1475 3261 zu
1499 3210 1946 3262 verwechselnden
1974 3209 2484 3276 compendium'scri-

253 3285 438 3344 pturae
464 3294 562 3329 von
594 3278 932 3344 philosophos
960 3282 1280 3332 entstauden.

392 3347 488 3410 21,
513 3358 567 3399 80
602 3347 738 3398 hunc
765 3363 917 3398 usum
948 3351 1460 3413 exercitationemque
1496 3349 1718 3400 dicendi.
1766 3350 1969 3400 Ellendt
2000 3347 2129 3400 nach
2163 3347 2348 3400 Schiitz
2376 3349 2482 3400 und

251 3418 564 3468 Henrichsen
616 3424 735 3468 statt
773 3417 910 3467 hunc
964 3416 1314 3486 [rhetoricum]
1359 3435 1507 3470 usum
1562 3418 1901 3486 [moremque]
1948 3418 2478 3483 exercitationemque.

251 3488 403 3538 Diese
429 3487 538 3538 hier
565 3487 1046 3553 eingeklammerten
1073 3490 1254 3543 Worte
1277 3491 1394 3540 sind
1422 3489 1749 3539 entschieden
1782 3489 1984 3540 unecht.
2037 3486 2481 3538 Wahrscheinlich

250 3560 319 3609 ist
340 3555 646 3607 rhetoricum
670 3573 762 3608 aus
787 3558 902 3608 dem
924 3557 1349 3626 ursprfinglichen
1375 3568 1615 3622 nostrum,
1644 3560 1748 3609 und
1770 3574 2063 3622 moremque
2081 3555 2209 3607 nach
2229 3555 2358 3620 595,
2384 3559 2482 3608 wie

251 3627 408 3678 schon
434 3627 641 3694 Madvig
667 3635 916 3678 vei-mutet
940 3627 1046 3691 hat,
1078 3645 1171 3680 aus
1191 3631 1447 3692 forensem
1465 3630 1769 3681 entstanden
1794 3628 1900 3679 und
1922 3629 2032 3680 also
2059 3642 2125 3677 zu
2149 3627 2318 3677 lesenz
2344 3625 2480 3678 hunc

251 3704 481 3747 nostrum
506 3713 654 3749 usum
679 3698 952 3758 forensem,
977 3713 1041 3748 an
1062 3699 1154 3749 das
1180 3698 1288 3749 sich
1312 3700 1448 3749 dann
1476 3698 1605 3750 auch
1631 3701 1724 3750 das
1743 3699 2003 3766 Folgende
2025 3713 2129 3764 eng
2146 3696 2477 3749 anschliesst:

251 3767 383 3816 Nam
409 3782 568 3833 neque
595 3769 704 3818 sine
724 3768 1016 3830 forensibus
1040 3771 1208 3820 nervis
1236 3779 1331 3820 etc.

391 3836 486 3897 21,
517 3845 562 3886 81
606 3837 771 3897 Quare
795 3836 1035 3887 Coracem
1058 3840 1211 3890 istum
1239 3841 1492 3906 patiamur
1514 3838 1571 3892 P.
1599 3846 1720 3889 statt
1746 3837 1913 3900 Quare
1941 3836 2181 3888 Coracem
2212 3837 2365 3887 istum
2393 3852 2479 3886 ve-

251 3916 416 3958 strum
442 3907 712 3972 patiamur.
768 3906 915 3957 Diess
942 3907 1036 3957 auf
1059 3910 1210 3959 istum
1237 3909 1287 3958 in
1315 3908 1413 3958 den
1441 3908 1528 3958 Hs.
1559 3909 1659 3959 und
1691 3908 1969 3975 Ausgaben
1992 3906 2235 3974 folgende
2252 3913 2476 3957 vestrum

251 3977 368 4036 (das
410 3975 547 4025 nicht
583 3983 714 4026 etwa
746 3976 935 4027 erklart
967 3980 1169 4029 werden
1195 3978 1361 4030 kannt
1395 3978 1494 4027 den
1531 3992 1629 4028 von
1666 3977 1792 4028 euch
1824 3986 2031 4044 gestern
2063 3974 2384 4041 erwahnten)
2411 3977 2478 4027 ist

251 4045 700 4111 augenscheinlich
736 4060 832 4095 nur
865 4046 1025 4097 durch
1063 4050 1144 4099 ein
1172 4046 1435 4099 Versehen
1478 4048 1528 4097 in
1568 4048 1666 4097 den
1695 4049 1821 4098 Text
1854 4047 2177 4114 gekommen.
2239 4046 2334 4096 Ein
2370 4046 2475 4096 Ab·

252 4114 508 4165 schreiber
529 4114 726 4166 schrieb
756 4124 975 4165 vestrum
1000 4125 1121 4168 statt
1148 4118 1328 4177 istum;
1356 4118 1494 4167 diess
1519 4118 1693 4168 wurde
1721 4119 1892 4184 spater
1910 4118 2178 4182 corrigiert
2195 4116 2300 4166 und
2320 4114 2474 4166 nach-

251 4184 344 4234 her
371 4185 562 4249 νοω-(10,
597 4186 694 4234 wie
716 4183 979 4237 ahnliches
1003 4185 1323 4238 bekanntlieb
1346 4186 1725 4254 unzfihligemal
1754 4186 2151 4253 vorgekommen
2180 4187 2268 4251 ist,
2297 4186 2475 4238 beides

250 4253 485 4323 angleich
512 4253 925 4322 autgenommeu.
2036 4324 2070 4362 *
