2930 4693
466 132 586 225 32²
1107 154 1207 216 m:
1245 149 1657 214 caucam
1708 150 2037 212 mni-15.

466 322 760 395 nesciant,
814 331 873 386 et
921 324 1022 404 qui
1073 322 1293 405 aliquid
1323 323 1583 402 lingunt,
1628 323 1737 384 etsi
1785 329 1911 384 tum
1961 323 2190 402 pictura
2232 321 2383 383 nihil
2427 329 2683 402 utamur,

464 419 696 481 tamen,
750 418 946 472 utrum
992 410 1179 471 sciant
1207 410 1455 489 pingere
1486 426 1561 469 an
1593 408 1884 478 nesciant,
1939 426 2059 469 non
2089 407 2410 470 obscurum
2440 416 2557 480 est,
2606 412 2684 472 sic

465 498 529 557 in
558 494 922 557 orationibus
952 496 1115 557 hisce
1145 496 1287 574 ipsis
1318 494 1700 564 iudiciorum,
1733 495 2108 563 contionum,
2142 501 2400 565 senatus,
2432 495 2612 556 etiam
2636 498 2683 557 si

463 582 705 663 proprie
752 587 984 643 ceterae
1036 598 1154 641 non
1206 579 1597 641 adhibeantur
1636 586 1822 649 artes,
1875 586 2075 640 tamen
2117 577 2289 639 facile
2338 578 2683 652 declaratur,

462 673 662 729 utrum
711 668 790 738 is,
843 667 940 747 qui
994 666 1176 736 dicat,
1224 664 1631 726 tantummodo
1673 666 1735 725 in
1787 665 1901 725 hoc
1942 663 2360 725 declamatorio
2403 667 2487 725 sit
2514 683 2685 746 opere

461 754 738 822 iactatus,
782 769 857 813 an
905 749 980 812 ad
1010 750 1324 812 dicendum
1366 748 1641 811 omnibus
1682 750 1957 829 ingenuis
1984 749 2209 812 artibus
2237 751 2570 812 instructus
2598 770 2686 812 ae·

463 838 727 900 cesserit.

297 932 379 1012 17
393 939 462 991 74
630 922 780 983 Tum
811 920 1015 982 ridens
1044 917 1445 983 SOAEVOLA:
1477 920 1608 981 Non
1639 918 1908 981 luctabor
1936 928 2161 991 tecum,
2205 920 2427 1000 inquit,
2460 921 2689 991 Crasse,

348 1291 416 1344 75

461 1007 732 1089 amplius.
791 1004 856 1068 Id
888 1007 1045 1067 enim
1074 1007 1284 1086 ipsum,
1317 1005 1477 1086 quod
1506 1014 1711 1066 contra
1743 1023 1838 1066 me
1866 1004 2098 1066 locutus
2126 1023 2220 1076 οε,
2262 1005 2520 1066 artificio
2552 1025 2691 1092 quo·

461 1093 596 1155 dam
629 1110 693 1153 es
724 1099 1101 1162 consecutus,
1133 1098 1200 1153 ut
1231 1097 1288 1151 et
1316 1091 1491 1161 mihi,
1523 1108 1673 1171 quae
1704 1108 1814 1170 ego
1846 1089 2083 1161 vellem,
2126 1108 2247 1151 non
2276 1108 2408 1152 esse
2438 1094 2694 1153 oratoris

462 1177 853 1246 concederes,
908 1184 967 1237 et
1009 1194 1075 1237 ea
1116 1177 1244 1256 ipsa
1285 1177 1490 1237 nescio
1520 1174 1815 1256 quomodo
1845 1194 2052 1237 rursus
2081 1175 2469 1256 detorqueres
2521 1184 2695 1258 atque

462 1264 685 1325 oratori
732 1263 973 1342 propria
1019 1260 1303 1323 traderes.
1388 1261 1580 1332 Quae,
1613 1278 1750 1322 cum
1782 1279 1891 1340 ego
1921 1268 2162 1341 praetor
2190 1261 2464 1323 Rhodum
2498 1264 2694 1324 venis-

460 1366 584 1410 sem
639 1355 699 1409 et
748 1365 880 1409 cum
930 1345 1032 1408 illo
1074 1365 1303 1408 summo
1346 1345 1587 1407 doctore
1639 1347 1805 1406 istius
1861 1345 2204 1426 disciplinae
2244 1345 2568 1427 Apollonio
2613 1367 2694 1420 ω,

460 1451 609 1514 quae
654 1451 687 1494 a
731 1433 1010 1494 Panaetio
1055 1450 1434 1513 acceperam,
1483 1430 1888 1502 contulissem,
1934 1433 2121 1492 irrisit
2160 1430 2260 1491 ille
2304 1432 2591 1513 quidem,
2635 1441 2697 1496 ut

459 1517 716 1590 solebat,
761 1516 1313 1598 philosophiamque
1357 1518 1738 1596 contempsit,
1784 1516 2084 1597 multaque
2129 1534 2249 1577 non
2281 1523 2399 1578 tam
2432 1521 2698 1594 graviter

458 1604 634 1675 dixit,
689 1621 863 1685 quam
907 1603 1125 1673 facete;
1177 1609 1277 1664 tua
1319 1609 1517 1664 autem
1547 1601 1658 1663 fuit
1687 1604 1874 1663 oratio
1905 1601 2229 1672 eiusmodi,
2263 1620 2384 1663 non
2412 1610 2482 1664 ut
2509 1602 2695 1666 ullam

459 1696 646 1754 attem
677 1689 1078 1751 doctrinamve
1110 1695 1541 1756 contemneres,
1573 1687 1674 1748 sed
1700 1694 1766 1748 ut
1789 1705 1994 1749 omnes
2016 1689 2262 1748 comites
2291 1705 2361 1748 ac
2389 1690 2697 1751 ministra·

458 1778 636 1836 trices
686 1775 939 1836 oratoris
979 1791 1107 1834 esse
1155 1773 1403 1835 diceres.
1492 1772 1649 1845 Quas
1678 1790 1788 1852 ego
1818 1774 1869 1832 si
1897 1774 2029 1854 quis
2058 1774 2135 1834 sit
2162 1790 2315 1833 unus
2344 1773 2699 1854 complexus

458 1877 666 1922 omnes
689 1908 705 1931 ,
735 1858 1013 1939 idemque
1044 1859 1094 1920 si
1123 1858 1197 1919 ad
1230 1876 1329 1919 eas
1369 1857 1708 1920 facultatem
1749 1859 1920 1919 istam
1963 1858 2374 1920 ornatissimae
2405 1861 2698 1922 orationis

517 2065 731 2130 fingunt,
756 2062 832 2111 als
858 2059 1146 2112 Bildhauer.
1180 2062 1402 2126 piena-a.
1428 2062 1522 2112 das
1690 2072 1757 2114 75.
1804 2079 1959 2129 quae,
2006 2062 2075 2113 du
2106 2063 2347 2113 erkennst
2391 2062 2530 2113 doch
2564 2062 2699 2114 noch

455 2132 738 2187 Zeiehnen‚
774 2130 865 2181 das
899 2129 983 2180 die
1016 2127 1256 2195 richtigen
1284 2129 1523 2181 Verhiilt-
1623 2130 1707 2181 die
1739 2131 1976 2181 andern
2002 2132 2193 2180 Kiinste
2225 2146 2277 2182 u.
2303 2131 2697 2183 wissenschaf-

453 2201 595 2252 nisse
626 2216 676 2251 u.
714 2198 966 2249 Conturen
1000 2196 1146 2248 lehrt.
1223 2199 1522 2250 iudiciorum
1620 2208 1705 2249 ten
1731 2213 1793 2248 an
1819 2198 1875 2263 (S
1893 2199 1976 2250 54.
1996 2196 2108 2263 59),
2135 2197 2375 2248 wahrend
2395 2214 2454 2249 so
2476 2202 2559 2250 ein
2584 2202 2696 2251 eiu·

455 2278 552 2320 etc.
600 2268 633 2329 s
663 2265 789 2327 ²01,
825 2264 1145 2332 Nageisbach
1179 2265 1290 2317 Lat.
1329 2265 1441 2318 Stil.
1487 2265 1519 2328 S
1619 2267 1828 2332 seitiger
1844 2267 2032 2317 Rhetor
2057 2267 2136 2317 bei
2162 2267 2252 2318 der
2275 2267 2579 2333 Opposition
2609 2270 2702 2319 der

456 2336 583 2399 100,
610 2345 651 2387 1.
1618 2334 1997 2402 Philosophen·
2058 2335 2166 2386 und
2210 2334 2698 2389 Rhetorenschuleu

517 2405 751 2471 proprie,
777 2404 972 2465 eigens,
999 2403 1050 2454 d.
1076 2402 1130 2457 h.
1158 2403 1316 2454 direct
1348 2419 1399 2458 u.
1423 2420 1520 2455 un·
1619 2400 1776 2470 (Einl.
1800 2407 1821 2456 1
1848 2404 1880 2467 S
1897 2402 1957 2464 6)
1983 2420 2079 2455 nur
2101 2405 2279 2456 seinen
2301 2404 2446 2455 Hohn
2472 2405 2700 2458 dariiber

453 2475 726 2526 mittelbar.
1622 2471 1711 2522 hat
1743 2473 1851 2522 und
1884 2473 2009 2523 alles
2032 2488 2135 2523 was
2161 2472 2492 2539 Philosophie
2527 2473 2702 2526 heisst

516 2543 676 2605 facile
701 2544 998 2594 declaratur
1022 2550 1116 2592 etc.
1165 2540 1282 2591 Tac.
1311 2538 1430 2591 dial.
1457 2539 1523 2591 de
1622 2539 1935 2592 schlechthin
1970 2540 2247 2592 verachtet.
2319 2555 2452 2603 quae
2485 2541 2701 2594 bezieht

454 2625 527 2662 or.
553 2609 620 2662 32
655 2610 757 2662 Nec
783 2624 1051 2676 quisquam
1074 2609 1384 2675 respondeat
1406 2608 1517 2660 suf·
1621 2607 1733 2659 sich
1755 2609 1849 2660 auf
1867 2623 1926 2660 ea
1950 2610 2082 2677 ipsa,
2109 2626 2239 2676 quae
2262 2625 2354 2675 eqo
2378 2612 2568 2668 vellem.
2588 2628 2699 2663 non

452 2679 611 2731 ficere
632 2687 689 2730 ut
713 2679 779 2729 ad
803 2688 1004 2744 tempus
1028 2679 1252 2743 simplex
1274 2677 1519 2743 quiddam
1621 2693 1732 2729 esse
1758 2679 2009 2737 oratoria,
2043 2678 2152 2728 also
2177 2678 2361 2728 Politik
2384 2678 2491 2728 und
2514 2678 2696 2730 Philo-

452 2758 504 2798 et
524 2748 778 2798 uniforme
802 2747 1087 2797 doceamur.
1136 2746 1359 2796 Primum
1384 2746 1520 2795 enim
1620 2744 1801 2811 sophie
1826 2744 1883 2811 (S
1907 2745 2018 2809 35).
2090 2746 2234 2796 Danu
2271 2747 2392 2796 aber
2425 2746 2492 2796 ist
2515 2747 2700 2798 weiter

451 2816 597 2865 aliter
629 2817 820 2865 utimur
861 2814 1081 2880 propriis
1113 2813 1259 2864 aliter
1290 2828 1515 2864 commo·
1618 2812 2097 2880 philosophiamque
2120 2821 2318 2864 contem
2361 2815 2429 2865 sit
2455 2830 2520 2865 zu
2545 2816 2697 2867 lesen

451 2883 612 2941 datis,
637 2882 892 2947 longeque
914 2882 1164 2932 iuteresse
1188 2881 1515 2932 manifestum
1619 2882 2324 2948 (—denndieVulgatlesartp
2364 2882 2695 2947 ilosophiam‚

452 2959 547 3011 est,
557 2951 818 3016 possideat
829 2951 943 3014 quis
966 2962 1095 3013 quae
1105 2948 1314 3014 profert,
1327 2964 1393 2999 an
1409 2965 1520 2999 mu-
1620 2959 1773 3013 atque
1796 2952 2116 3018 contempsit,
2142 2951 2354 3001 wonach
2377 2951 2538 3001 irrisit
2562 2953 2695 3003 zwei

449 3026 647 3078 tuetur3
684 3018 868 3069 deinde
902 3018 1016 3082 ipsa
1039 3016 1308 3066 multarum
1333 3018 1517 3068 artium
1619 3018 1824 3084 Objecte
1856 3019 2023 3082 hatte,
2059 3034 2190 3084 quae
2224 3020 2332 3070 und
2364 3018 2695 3086 philophiam

450 3086 664 3138 scientia
686 3088 836 3137 etiam
858 3086 1001 3136 aliud
1020 3093 1230 3150 προπίω
1247 3100 1341 3136 πω
1364 3094 1520 3137 ornat
1617 3087 1743 3138 lfisst
1766 3087 1874 3138 sich
1891 3087 2185 3138 schwerlich
2208 3087 2557 3152 vertheidigen
2570 3087 2694 3156 —),

450 3162 603 3221 atque
626 3154 713 3205 ubi
732 3155 925 3204 minime
945 3156 1131 3205 credas
1149 3155 1330 3205 eminet
1348 3161 1400 3204 et
1417 3171 1512 3206 ex·
1616 3155 1856 3206 wodurch
1875 3156 1967 3206 das
1980 3155 2194 3222 Speciell
2203 3171 2287 3205 ere
2306 3156 2383 3206 als
2397 3156 2480 3206 die
2491 3156 2694 3225 Haupt

450 3226 606 3274 cellit.
1617 3222 1833 3274 sachein
1855 3238 2251 3289 angemessener
2263 3222 2574 3290 SteIgerung
2591 3240 2690 3278 aus

515 3293 571 3342 in
592 3291 689 3342 hoc
713 3292 860 3351 decl„
887 3290 951 3341 ob
979 3304 1034 3339 er
1057 3289 1165 3340 sich
1188 3306 1286 3341 nur
1306 3291 1398 3341 mit
1422 3291 1515 3342 der
1617 3292 1733 3342 dem
1758 3291 2153 3357 allgemeineren
2180 3307 2309 3357 quae
2333 3292 2688 3357 herausgeho-

448 3361 692 3410 §usseren
742 3359 1068 3410 declamator.
1106 3358 1514 3410 Handwerksbe·
1616 3361 1715 3411 ben
1740 3360 1881 3412 wird.
1929 3376 2051 3427 que,
2076 3363 2109 3424 S
2132 3359 2217 3411 64.

447 3427 777 3493 wmmgung
816 3428 1140 3493 absegebem
1190 3427 1323 3478 deun
1374 3427 1516 3478 mehr
1677 3468 1899 3527 praetor
1921 3462 2174 3522 Rhodum,
2201 3461 2332 3512 Einl.
2358 3462 2382 3511 I
2407 3461 2439 3524 S
2469 3460 2558 3525 14,
2588 3472 2686 3514 167.
2728 3465 2733 3472 ’

444 3496 719 3614 ἣΐὴάἐξέιῗῖ
732 3494 1516 3629 3338⁰ag³gg¹ffigssl¹g¹l¹lggi¹ff⁴
1617 3529 1832 3582 Sciivola
1876 3538 2067 3581 vertrat
2110 3531 2219 3580 also
2267 3530 2462 3580 damals
2521 3530 2685 3583 sehon

445 3633 679 3700 gemeine
698 3631 920 3697 Bildung
942 3630 1085 3682 fehlt.

520 3699 1511 3764 17‚·14.scav01aw111mum-sol

446 3767 603 3820 chen
626 3768 916 3820 Polemik
940 3767 1115 3817 nicht
1147 3768 1369 3833 langer
1400 3769 1511 3818 wi—

447 3837 844 3895 deren-eben,
869 3835 1325 3902 warntjedoch
1347 3836 1506 3887 noch
1677 3839 1760 3889 ille
1798 3838 2019 3905 quidem,
2063 3837 2133 3887 im
2169 3837 2454 3934 Gegcnsatz
2492 3854 2558 3889 zu
2590 3846 2683 3889 tua

446 3905 679 3956 einmal
738 3919 847 3954 vor
902 3904 1294 3956 allzuhohen
1354 3906 1504 3956 For·
1609 3906 2101 3957 autemfuitoratio.

448 3972 784 4038 d⁰r¹¹¹¹g⁰¹¹
822 3987 899 4024 ⁸⁴¹¹
943 3973 1061 4023 den
1097 3973 1347 4024 Redner
1394 3970 1506 4039 (¹7⁹
1672 4009 1926 4074 graviter,
1954 4007 2114 4058 durch
2137 4006 2681 4074 stichhaltigeGriinde

447 4039 730 4170 “arza-⁶30
765 4110 1007 4172 quodam,
1044 4109 1158 4160 eine
1191 4110 1284 4160 Art
1316 4110 1506 4160 Kunst-
1611 4075 1997 4140 fiberzeugeud·

450 4174 583 4243 griff.
1674 4177 1849 4241 facete
1860 4214 1873 4238 ,
1899 4175 2189 4242 geistreich.

1616 3599 1716 3650 den
1751 3598 2078 3666 Standpunkt
2112 3599 2281 3650 seines
2313 3598 2553 3661 Lehrers,
2591 3600 2684 3650 des

1615 3666 1869 3718 stoischen
1895 3666 2238 3732 Philosophen
2265 3667 2562 3729 Panaetius,
2594 3668 2685 3718 der

1612 3735 1898 3801 gleichl'alls
1922 3751 2015 3786 aus
2039 3735 2252 3787 Rhodus
2279 3750 2397 3785 war.
