2930 4693
439 159 563 226 148
1010 153 1110 219 DE
1151 151 1510 219 ORATORE
1545 151 1602 217 11
1642 151 1745 216 37.
1791 157 2092 213 154-156.
2891 208 2892 267 3

2891 274 2892 335 l

437 411 702 475 lihidinis
751 410 1085 493 scopulum,
1142 412 1227 472 sic
1276 418 1439 473 tuam
1481 417 1746 472 mentem
1788 408 1860 472 ad
1902 408 2338 492 philosophiam
2371 410 2671 491 appulisti,

437 517 615 581 quam
631 498 779 560 haec
803 498 1004 559 civitas
1026 502 1339 576 aspernata
1363 514 1689 577 numquam
1711 502 1819 557 est.
1865 495 2016 558 Nam
2039 500 2100 558 et
2123 495 2344 557 referta
2365 495 2671 576 quondam

357 590 377 725 I
435 581 599 646 Italia
627 583 1135 663 Pythagoreorum
1177 580 1288 643 fuit
1327 589 1486 650 tum,
1541 599 1677 643 cum
1718 588 1846 643 erat
1885 581 1950 642 in
1979 580 2092 642 hac
2121 588 2299 660 gente
2327 599 2543 660 magna
2571 580 2673 643 illa

437 669 712 738 Graecia;
745 685 820 729 ex
848 686 967 749 quo
997 668 1174 729 etiam
1197 666 1436 747 quidam
1457 666 1709 728 Numam
1731 658 2105 746 Pompilium,
2138 682 2344 746 regem
2375 673 2670 738 nostrum,

437 754 618 815 fuisse
640 749 1080 834 Pythagoreum
1108 750 1328 821 ferunt,
1359 753 1463 833 qui
1491 753 1663 813 annis
1691 758 1827 813 ante
1855 749 2165 830 permultis
2194 750 2307 813 fuit
2333 769 2511 831 quam
2541 753 2674 832 ipse

433 839 829 918 Pythagoram
878 856 996 918 quo
1036 837 1214 898 etiam
1252 837 1440 899 malor
1470 837 1561 897 vir
1589 835 1899 899 habendus
1930 844 2048 907 est,
2079 854 2214 898 cum
2241 834 2405 898 illam
2435 837 2673 917 sapien-

434 925 580 986 tiam
621 920 1072 984 constituendae
1112 922 1362 983 civitatis
1402 920 1634 984 duobus
1674 938 1863 1003 prope
1901 920 2153 983 saeculis
2195 928 2333 982 ante
2375 922 2670 999 cognovit,

434 1026 613 1090 quam
653 1026 785 1069 eam
828 1007 1040 1069 Graeci
1078 1013 1277 1069 natam
1319 1025 1450 1069 esse
1492 1014 1836 1076 senserunt;
1890 1014 1951 1067 et
1991 1013 2153 1068 certe
2192 1024 2316 1068 non
2355 1005 2491 1067 tulit
2516 1004 2673 1068 ullos

434 1095 584 1155 haec
629 1092 831 1154 civitas
874 1098 975 1152 aut
1013 1090 1203 1169 gloria
1243 1090 1529 1154 clariores
1568 1098 1668 1154 aut
1707 1093 2060 1153 auctoritate
2093 1092 2397 1170 graviores
2427 1098 2531 1152 aut
2558 1091 2671 1152 hu-

434 1178 718 1239 manitate
768 1175 1074 1257 politiores
1113 1176 1178 1238 P.
1221 1176 1529 1249 Africano,
1574 1177 1639 1240 C.
1670 1175 1901 1247 Laelio,
1943 1176 2010 1238 L.
2047 1176 2260 1248 Furio,
2313 1177 2417 1257 qui
2464 1194 2672 1239 secum

301 1272 401 1332 1⁸5
436 1261 866 1325 eruditissimos
895 1261 1167 1323 homines
1197 1280 1269 1324 ex
1299 1262 1549 1325 Graecia
1576 1260 1772 1344 palam
1802 1279 2038 1342 semper
2067 1259 2424 1323 hahuerunt.
2476 1261 2671 1341 Atque

437 1366 548 1427 ego
577 1347 692 1408 hoc
722 1365 794 1408 ex
821 1348 950 1409 istis
979 1364 1157 1428 saepe
1188 1347 1398 1418 audivi,
1430 1366 1567 1409 cum
1599 1346 1870 1409 dicerent
1895 1353 2244 1428 pergratum
2272 1345 2669 1407 Athenienses

436 1439 494 1495 et
522 1432 638 1494 sihi
664 1432 878 1494 fecisse
909 1438 969 1493 et
997 1431 1196 1495 multis
1222 1432 1594 1513 principibus
1623 1433 1886 1503 civitatis,
1918 1430 2094 1513 quod,
2126 1449 2262 1493 cum
2290 1430 2365 1492 ad
2394 1438 2668 1493 senatum

431 1518 657 1599 legatos
687 1518 761 1580 de
790 1519 912 1580 suis
941 1518 1211 1579 maximis
1238 1516 1420 1580 rebus
1448 1518 1784 1588 mitterent,
1830 1524 1954 1578 tres
1995 1515 2153 1577 illius
2181 1517 2391 1578 aetatis
2421 1515 2669 1578 nobilis-

433 1605 613 1666 simos
639 1601 1027 1685 philosophos
1056 1604 1372 1674 misissent,
1403 1601 1772 1665 Carneadem
1802 1609 1860 1663 et
1883 1599 2208 1665 Critolaum
2237 1608 2298 1662 et
2318 1600 2667 1681 Diogenem.

433 1688 636 1771 Itaque
666 1706 797 1759 eos,
828 1687 971 1749 dum
1000 1688 1225 1749 Romae
1255 1693 1484 1757 essent,
1517 1695 1576 1748 et
1606 1706 1640 1749 a
1668 1705 1734 1748 se
1764 1693 1825 1748 et
1850 1686 1925 1748 ab
1956 1685 2086 1748 aliis
2116 1686 2461 1767 frequenter
2495 1686 2662 1748 audi-

437 1780 558 1836 tos:
590 1792 740 1854 quos
770 1780 836 1833 tu
866 1789 999 1834 cum
1030 1771 1284 1834 haberes
1313 1778 1606 1843 auctoreS,
1636 1772 1873 1844 Antoni,
1905 1772 2094 1834 miror
2123 1789 2231 1833 cur
2258 1770 2669 1852 philosophiae

435 1860 589 1921 sicut
617 1857 840 1920 Zethus
871 1855 974 1920 ille
1000 1857 1367 1920 Pacuvianus
1394 1875 1586 1938 prope
1614 1855 1838 1918 bellum
1865 1855 2172 1918 indixeris.
2631 1910 2650 1925 ,

299 1955 401 2011 156
602 1942 872 2012 Minime,
926 1943 1121 2023 inquit
1169 1940 1540 2005 ANTONIUS
1557 1990 1574 2013 ,
1627 1959 1700 2003 ac
1740 1944 1826 2003 sic
1856 1941 2093 2004 decrevi
2119 1939 2529 2023 philosophari
2557 1959 2667 2021 po-

432 2024 577 2111 tius}
608 2034 675 2089 ut
703 2024 1126 2107 Neoptolemus
1155 2027 1311 2107 apud
1339 2026 1628 2089 Ennium:

454 2140 459 2143 ·
990 2111 1226 2194 paucis;
1260 2131 1397 2174 nam
1426 2113 1670 2175 omnino
1699 2110 1858 2174 haud
1886 2111 2098 2193 placet.

603 2196 721 2260 Sed
753 2205 949 2260 tamen
980 2198 1129 2259 haec
1159 2205 1249 2261 est
1277 2216 1411 2260 mea
1440 2199 1764 2269 sententia,
1808 2215 1986 2279 quam
2015 2195 2259 2258 videbar
2290 2198 2664 2277 exposuisse:

432 2302 543 2364 ego
571 2284 683 2345 ista
714 2280 905 2345 studia
937 2301 1058 2345 non
1075 2282 1382 2366 improbo,
1413 2283 1719 2348 moderata
1750 2282 1927 2344 modo
1958 2283 2105 2354 sint;
2148 2282 2490 2362 opinionem
2520 2285 2666 2344 isto-

640 324 817 390 Valde
846 324 1112 397 hercule,
1141 325 1335 408 inquit
1364 321 1714 396 camus,
1744 323 1951 389 timide
1980 331 2279 406 tamquam
2309 322 2386 387 ad
2413 323 2675 407 aliquem

1594 2490 1743 2540 cuius
1766 2485 1988 2539 tribunal
2010 2492 2217 2553 propter
2240 2487 2449 2538 nimiam
2468 2487 2667 2539 severi-

1594 2566 1752 2608 tatem
1767 2558 2006 2622 acopulus
2021 2571 2224 2607 reorum
2240 2555 2526 2616 dicebatur;
2546 2571 2664 2606 cum

1596 2626 1651 2677 id
1674 2626 1835 2676 vitare
1870 2623 2113 2676 beneflcio
2147 2624 2277 2690 legis
2302 2625 2570 2675 Memmiae
2598 2624 2661 2674 li-

1597 2701 1756 2756 ceret,
1805 2707 1938 2757 quae
1980 2706 2180 2754 eorum,
2230 2693 2318 2754 qui
2351 2692 2666 2759 reipublicae

1595 2777 1752 2814 causa
1769 2762 2026 2823 abessent,
2044 2760 2208 2826 recipi
2219 2760 2425 2812 nomina
2441 2762 2664 2823 vetabat,

1597 2831 1651 2880 in
1685 2831 1862 2880 urbem
1906 2836 2073 2879 tamen
2121 2829 2350 2879 recurrit.
2412 2829 2521 2889 Quo
2558 2836 2665 2879 tam

1593 2898 1746 2965 pleno
1772 2895 1987 2947 fiduciae
2009 2897 2175 2947 bonae
2198 2896 2411 2947 consilio
2437 2912 2553 2947 cum
2576 2898 2664 2948 ab·

1596 2965 1905 3018 solutionem
1917 2963 2148 3027 celerem,
2166 2971 2276 3015 tum
2294 2963 2663 3032 profectionem

1595 3034 1864 3085 honestam
1887 3041 2193 3084 consecutus
2222 3041 2315 3084 est.

497 2486 562 2540 37
574 2527 589 2553 ,
627 2497 720 2543 154.
773 2490 847 2541 ad
876 2491 1092 2556 aliquem
1124 2489 1347 2541 libidinis
1377 2505 1493 2541 aco-

424 2560 610 2623 pulum,
635 2558 729 2607 mit
752 2558 1039 2609 offenbarer
1060 2558 1383 2624 Auspielung
1404 2556 1501 2608 auf

427 2626 513 2676 die
522 2625 737 2677 Sirenen
763 2624 840 2678 αἶ’
850 2618 925 2693 ἆοέ
943 2642 1006 2678 τε
1023 2617 1246 2687 πάντας
1267 2616 1496 2691 ἀνθρώ-

428 2709 573 2754 πους
597 2688 935 2760 θέλγουσιν,
959 2683 994 2747 ὅ
1017 2711 1104 2755 τις
1128 2708 1314 2759 σφεας
1339 2689 1495 2746 εἰσα-

430 2760 676 2827 φίκηται
710 2759 883 2826 (Hom.
910 2762 1002 2812 Od.
1028 2779 1069 2828 μ
1088 2760 1160 2813 39
1181 2762 1262 2826 f.).
1298 2762 1390 2813 Ala
1416 2761 1495 2811 ihr

428 2828 704 2879 Wohnsitz
720 2829 892 2894 galten
910 2830 1113 2881 beiden
1123 2833 1331 2894 spatern
1346 2828 1493 2880 Grie-

427 2896 558 2947 chen
584 2896 668 2947 die
692 2896 799 2947 drei
817 2897 1169 2948 Felseninseln
1189 2897 1495 2949 Seirenusae

427 2980 513 3015 am
546 2963 716 3015 Busen
757 2980 859 3016 von
901 2965 1179 3015 Posidonia
1217 2967 1272 3016 in
1309 2965 1494 3017 Unter-

428 3032 629 3083 Italien.
689 3031 918 3084 libidinis
959 3033 1228 3098 scopulum
1268 3035 1338 3085 ist
1382 3034 1493 3085 also

427 3099 569 3151 nicht
593 3110 720 3151 etwa
755 3117 818 3151 zu
846 3101 1079 3151 erklaren
1115 3101 1186 3152 ‘in
1209 3117 1309 3166 quo
1333 3101 1492 3153 libido

428 3168 753 3235 naufragium
773 3170 941 3220 facere
957 3173 1162 3237 potest,'
1180 3171 1405 3222 sondern
1416 3183 1494 3219 wo

428 3238 512 3288 die
559 3237 660 3288 den
704 3237 976 3289 Menschen
1028 3238 1334 3291 bethiirende
1367 3238 1496 3289 Lust

426 3305 572 3356 ihren
603 3305 946 3372 geffihrlichen
972 3307 1247 3358 Wohnsitz
1278 3306 1391 3364 hat;
1427 3333 1492 3343 —

428 3373 511 3424 die
533 3373 744 3440 Klippe,
781 3391 848 3425 an
882 3374 971 3425 der
995 3375 1086 3426 des
1110 3375 1310 3425 Lebens
1336 3372 1501 3425 Schiff

427 3456 486 3492 so
509 3441 665 3493 leicht
690 3441 1002 3494 zerschellen
1021 3443 1175 3493 kann.
1200 3443 1346 3507 Virg.
1361 3442 1491 3492 Aeu.

428 3511 449 3557 Ι
476 3509 577 3558 200
599 3508 640 3560 f.
667 3510 774 3561 Vos
800 3518 851 3560 et
875 3509 1160 3576 Scyllaeam
1180 3510 1373 3562 rabiem
1398 3526 1494 3577 pe-

428 3577 669 3638 nitusque
700 3579 934 3629 sonantis
970 3578 1204 3630 Accestis
1250 3579 1493 3645 scopulos

427 3645 712 3696 etc.'—-Der
728 3645 1003 3697 Ausdruck
1027 3645 1226 3697 scheint
1248 3647 1493 3712 iibrigens

425 3711 731 3765 absichtlich
753 3712 988 3780 gewiihlt‚
1007 3729 1097 3765 um
1119 3729 1186 3765 an
1212 3715 1291 3764 ein
1311 3715 1493 3780 Ereig—

426 3783 508 3832 nis
533 3797 627 3832 aus
651 3782 908 3833 Antonius
931 3781 1101 3833 Leben
1139 3798 1204 3833 zu
1239 3782 1491 3845 erinnern,

426 3850 509 3900 bei
535 3850 651 3899 dem
674 3848 784 3900 sich
809 3849 976 3901 dieser
996 3850 1096 3900 viel
1119 3849 1384 3902 beherzter
1401 3865 1493 3916 ge-

428 3918 563 3982 zeigt
584 3916 748 3969 hatte:
776 3918 893 3969 Val.
911 3918 1047 3971 Max.
1075 3921 1146 3970 III
1169 3919 1219 3982 7,
1243 3927 1269 3969 9
1292 3919 1360 3972 Μ.
1380 3919 1492 3969 An-

425 3985 597 4035 tonius
644 4010 711 4022 --
758 3993 998 4048 quaestor
1049 3986 1379 4054 proficiscens
1437 3988 1491 4037 in

428 4051 608 4100 Asiam
631 4050 975 4105 Brundusium
1008 4052 1111 4103 iam
1134 4064 1368 4113 venerat3
1403 4056 1490 4105 ubi

425 4116 611 4168 litteris
629 4121 810 4170 certior
832 4120 1000 4170 factus
1022 4121 1206 4171 incesti
1229 4137 1286 4172 se
1307 4131 1486 4187 postu-

427 4182 588 4234 latum
631 4186 771 4251 apud
804 4187 864 4238 L.
905 4187 1141 4242 Cassium
1183 4196 1487 4254 praetorem,

1662 3102 1971 3152 humanitate
1993 3102 2288 3166 politiores,
2325 3099 2390 3151 de
2415 3115 2521 3167 rep.
2548 3103 2571 3151 Ι
2599 3100 2663 3151 17

1596 3169 1680 3220 cui
1711 3184 2016 3236 persuasum
2051 3171 2142 3232 sit,
2186 3168 2434 3235 appellari
2466 3175 2664 3219 ceteros

1595 3237 1856 3301 homines,
1896 3251 2011 3287 esse
2047 3238 2185 3289 solos
2223 3251 2337 3298 eos,
2376 3236 2465 3298 qui
2489 3244 2665 3287 essent

1590 3308 1745 3373 politi
1759 3307 1997 3373 propriis
2016 3306 2341 3357 humanitatis
2364 3304 2582 3357 artibus.

1665 3384 1754 3426 155.
1791 3390 1899 3425 cum
1923 3375 2178 3432 dicerent,
2202 3374 2235 3437 S
2258 3373 2342 3424 22.
2372 3372 2486 3425 144.
2521 3375 2664 3440 ἱερα-

1594 3448 1690 3503 tos,
1716 3458 1762 3493 s.
1790 3441 2097 3494 Carneades.

1663 3518 1755 3562 156.
1790 3512 1883 3572 eie,
1906 3510 2002 3560 wie
2020 3509 2212 3561 Sextus
2231 3507 2407 3559 Aelius
2431 3506 2502 3575 (s.
2523 3507 2663 3572 ind.)

1595 3578 1728 3630 nach
1751 3579 1816 3631 de
1838 3593 1945 3645 rep.
1966 3581 1989 3629 Ι
2014 3576 2081 3629 18
2102 3578 2271 3642 Atque
2288 3577 2426 3627 idem
2444 3576 2665 3628 Zethum

1594 3647 1738 3699 illum
1759 3646 1970 3697 Pacuvii
2001 3646 2153 3697 nimis
2186 3645 2447 3697 inimicum
2470 3645 2664 3696 doetri-

1596 3730 1692 3766 nae
1716 3730 1835 3766 esse
1858 3715 2083 3774 diceban
2107 3715 2273 3780 magis
2300 3728 2417 3764 eum
2441 3713 2664 3784 delecta-

1595 3786 1681 3836 bat
1692 3782 2055 3850 Neoptolemus
2075 3783 2242 3845 Ennii,
2268 3783 2358 3844 qui
2381 3797 2439 3833 se
2455 3782 2526 3834 ait
2547 3781 2665 3848 phi-

1592 3849 1856 3918 losophari
1878 3850 2037 3914 velle,
2063 3851 2158 3903 sed
2179 3851 2377 3917 paucis,
2405 3865 2522 3901 nam
2546 3864 2661 3901 om-

1595 3920 1715 3970 nino
1739 3917 1878 3969 haud
1899 3919 2119 3985 placere.

1660 3988 1929 4038 moderata
1959 4012 2025 4023 —
2060 3987 2162 4038 fast
2195 3984 2425 4048 iihnlich,
2473 3985 2569 4036 wie
2604 4001 2661 4036 es
2722 3972 2727 3976 ⁵

1593 4053 1835 4104 Kallikles
1853 4055 2014 4105 meint
2039 4056 2092 4105 in
2108 4055 2238 4105 Plat.
2251 4054 2401 4120 Gorg.
2418 4069 2475 4120 p.
2495 4051 2598 4103 484
2622 4053 2661 4104 C

1595 4120 1914 4187 φιλοσοφία
1944 4116 2052 4189 γάρ
2072 4137 2163 4174 τοι
2181 4113 2300 4173 ἐστὶ
2356 4120 2541 4186 apter,
2572 4113 2660 4174 ἄν

1594 4204 1699 4248 τις
1723 4180 1940 4244 αὐτοῦ
1971 4187 2267 4256 μετρίως
2349 4195 2572 4255 wltawa.
2596 4179 2663 4242 ὃν
