2930 4693
298 871 391 946 44
403 882 503 939 173

474 202 603 269 ²90

1050 196 1150 262 ns
1187 143 1548 262 canons
1584 196 1668 260 111
1709 199 1812 259 44.
1856 204 1979 264 ιη.
2021 204 2138 258 na.

347 388 450 444 172
478 385 656 451 quam
684 365 982 431 Albucius,
1051 365 1284 429 Verum·
1298 368 1364 429 in
1391 382 1491 427 me
1520 365 1760 446 quidem
1788 364 1930 429 lusit
1956 364 2083 439 ille,
2125 373 2192 429 ut
2232 363 2401 428 solet.
2476 365 2599 428 Sed
2629 373 2722 429 est

476 461 678 516 tamen
708 453 856 514 haec
885 450 1194 514 collocatio
1224 450 1627 514 conservanda
1654 449 1993 522 verborum,
2024 451 2099 513 de
2129 467 2246 532 qua
2272 449 2516 532 loquor;
2563 469 2722 533 quae

473 539 735 601 iunctam
777 539 1107 599 orationem
1148 535 1358 607 efficit,
1400 551 1554 616 quae
1598 535 2048 607 cohaerentem,
2099 553 2251 617 quae
2290 535 2521 606 lenem,
2563 555 2719 618 quae

474 621 862 704 aequabiliter
889 621 1193 684 fluentem.
1244 619 1312 682 ld
1341 619 1781 701 adsequemeni,
1811 622 1864 684 si
1891 620 2073 682 verba
2102 629 2369 683 extrema
2398 637 2539 682 cum
2571 640 2722 685 con-

472 707 859 788 sequentibus
898 707 1109 787 primis
1149 707 1231 767 ita
1271 706 1557 784 iungetis,
1605 712 1671 768 ut
1710 721 1860 768 neve
1899 719 2110 786 aspere
2152 712 2519 768 concurrant
2563 723 2721 768 neve

2068 793 2080 824 Ι

472 794 692 855 vastius
725 791 1099 854 diducuntur.

642 877 812 939 Hanc
834 874 1199 955 diligentiam
1221 873 1600 955 subsequitur
1620 874 1831 938 modus
1860 875 2039 936 etiam
2061 881 2123 935 et
2148 873 2341 936 forma
2370 851 2719 947 verborum,

473 961 780 1043 quodiam
808 978 1035 1032 vereor,
1065 977 1143 1022 ne
1170 958 1311 1021 huic
1342 955 1547 1022 Catulo
1576 957 1843 1021 videatur
1865 976 1995 1021 esse
2015 956 2264 1040 puerile.
2308 957 2530 1020 Versus
2551 959 2719 1021 enim

471 1054 704 1108 veteres
731 1042 818 1106 illi
845 1046 909 1105 in
937 1045 1051 1106 hac
1080 1039 1272 1106 soluta
1301 1044 1570 1106 oratione
1598 1043 2063 1125 propemodum,
2104 1043 2220 1106 hoc
2263 1049 2381 1116 est,
2426 1060 2719 1107 numeros

473 1130 760 1212 quosdam
789 1127 963 1192 nobis
993 1146 1124 1191 esse
1151 1126 1521 1191 adhibendos
1548 1135 1923 1209 putaverunt.
1992 1126 2499 1207 Interspirationis
2526 1129 2714 1199 enim,

473 1232 595 1277 non
626 1214 1061 1293 defatigationis}
1089 1218 1329 1276 nostrae
1358 1229 1554 1294 neque
1592 1210 1973 1275 librariorum
2012 1214 2197 1284 notis,
2243 1212 2349 1274 sed
2386 1211 2714 1274 verborum

474 1306 535 1361 et
573 1300 1002 1362 sententiarum
1040 1297 1220 1361 modo
1270 1298 1680 1378 interpunctas
1721 1295 2012 1360 clausulas
2051 1297 2114 1362 in
2169 1295 2536 1359 orationibus
2581 1313 2717 1359 esse

471 1381 814 1454 voluerunt3
858 1380 1038 1464 idque
1076 1383 1358 1463 princeps
1385 1381 1676 1445 Isocrates
1714 1379 2039 1445 instituisse
2078 1381 2300 1453 fertur,
2339 1389 2409 1444 ut
2433 1382 2715 1444 incondi-

470 1475 595 1530 tam
623 1470 1000 1550 antiquorum
1030 1465 1269 1529 dicendi
1296 1466 1787 1529 consuetudinem
1818 1464 2226 1541 delectationis
2268 1473 2446 1547 atque
2475 1468 2715 1530 aurium

471 1638 556 1689 die
566 1635 875 1689 Erkenntnis
895 1635 985 1687 der
1006 1634 1213 1688 rechten
1232 1634 1352 1687 coll.
1374 1634 1539 1687 selbst

475 1706 687 1770 beilegst
710 1703 761 1769 (Ι
789 1703 869 1768 16,
896 1707 989 1769 72).

539 1776 650 1825 vult
700 1773 794 1822 wie
818 1771 949 1822 auch
975 1772 1065 1823 der
1090 1770 1294 1821 Abi-inc.
1319 1770 1429 1822 und
1451 1770 1537 1821 die

470 1841 655 1893 beiden
733 1840 793 1891 rl.
826 1837 1017 1899 haben,
1054 1836 1195 1889 nicht
1226 1835 1417 1904 voluit)
1458 1854 1534 1890 sc.

472 1908 635 1970 effici,
661 1909 818 1958 verba
841 1907 1113 1972 diligenter
1134 1906 1436 1973 composita.
1485 1913 1537 1957 et

470 1991 565 2043 eqo
589 1977 788 2038 vellem,
813 1989 887 2025 sc.
912 1989 994 2026 me
1017 1973 1238 2025 efficere.

537 2044 710 2094 melius
756 2044 1041 2109 aliquanto,
1100 2041 1284 2091 sodass
1332 2039 1533 2092 freilich

471 2110 613 2162 nicht
634 2121 737 2161 tam
758 2110 955 2161 minuta
970 2108 1097 2159 haec
1114 2107 1421 2160 constructio
1440 2120 1535 2175 ap-

469 2185 664 2246 pareat.
715 2193 862 2245 quam
883 2177 1153 2240 Albucius,
1179 2176 1262 2226 cui
1286 2189 1368 2227 me
1391 2188 1534 2226 com·

468 2262 621 2315 paras
647 2246 736 2309 (ne
760 2237 1200 2312 ὅητορικῶτερος
1220 2253 1278 2294 tu
1303 2243 1418 2307 sis).

539 2323 631 2366 1¹12.
677 2313 864 2365 Verum
888 2325 1003 2377 etc„
1036 2312 1279 2364 indessen
1302 2326 1449 2364 wenn
1478 2323 1534 2363 er

468 2383 569 2434 mir
602 2383 683 2433 fiir
720 2381 890 2432 meine
920 2383 1110 2433 Person
1146 2380 1306 2443 auch,
1343 2382 1440 2430 wie
1476 2394 1531 2431 es

468 2449 552 2501 die
577 2449 822 2501 Satiriker
845 2449 1076 2512 macheu,
1100 2448 1247 2499 einen
1266 2448 1392 2499 Hieb
1419 2463 1532 2500 ver·

470 2525 602 2569 setzt
633 2516 749 2581 hat,
785 2532 853 2568 an
877 2519 967 2568 der
989 2515 1179 2580 Sache,
1217 2528 1281 2566 an
1321 2517 1413 2566 der
1435 2514 1534 2566 wol

468 2585 814 2653 berechtigten
861 2584 1158 2650 Forderung
1214 2584 1353 2633 einer
1414 2582 1535 2635 sehr

466 2653 798 2772 sqrgl'iiltigen
859 2652 975 2707 coll.
1021 2654 1164 2703 verb.
1211 2652 1390 2702 dudert
1437 2651 1531 2703 das

468 2736 502 2773 n
525 2738 551 2772 c
587 2734 652 2772 ts.

535 2791 621 2850 44,
648 2797 740 2840 173.
781 2788 959 2839 Cattae
985 2814 1052 2823 —-
1077 2788 1171 2838 der
1192 2786 1353 2837 selbst
1374 2784 1532 2836 Dich-

466 2866 545 2908 ter
560 2858 630 2908 ist
645 2872 698 2906 n.
720 2855 829 2906 also
850 2855 993 2905 diese
1012 2855 1348 2905 elementaren
1364 2853 1532 2920 Dinge

465 2925 595 2975 fiber
618 2922 716 2974 den
736 2920 1024 2988 Rhythmus
1050 2939 1103 2973 u.
1123 2923 1255 2972 Vers
1280 2922 1396 2971 weit
1418 2919 1534 2972 hin·

465 3000 545 3043 ter
568 2990 679 3041 sich
701 2989 804 3041 hat.
854 2989 985 3040 Einl.
1010 2991 1033 3039 Ῑ
1057 2986 1089 3056 S
1117 2988 1197 3050 15,
1224 2998 1316 3040 175.

534 3067 733 3110 veteres
753 3058 832 3108 illi
865 3084 930 3093 —
962 3057 1045 3108 die
1079 3056 1274 3107 alteren
1306 3055 1530 3122 griechi-

467 3122 625 3178 schen
648 3125 949 3177 Rhetoriker
970 3126 1068 3175 wie
1092 3124 1376 3190 lsokrates,
1411 3124 1527 3174 Ari-

466 3195 695 3257 stoteles,
720 3192 1042 3260 Theophrast
1062 3209 1115 3244 u.
1141 3207 1191 3243 a.

535 3265 704 3314 soluta
737 3289 803 3298 —
837 3259 868 3327 S
894 3259 1020 3324 184,
1056 3262 1139 3312 die
1172 3260 1310 3311 nicht
1343 3275 1408 3310 an
1444 3261 1529 3309 ein

465 3330 729 3382 bestimtes
753 3328 1022 3381 Versmass
1045 3329 1318 3396 gebnnden
1337 3328 1446 3389 ist,
1484 3343 1528 3378 s.

466 3399 575 3450 ind.
604 3401 870 3450 Isocrates.

534 3466 711 3518 Inter-s
749 3466 984 3517 irationis
999 3465 1129 3515 enim
1154 3474 1268 3526 etc„
1294 3462 1377 3513 die
1387 3462 1541 3513 Rede.

465 3530 563 3584 soll
613 3549 706 3615 nac
800 3532 900 3583 den
943 3532 1144 3612 ‘diteren
1194 3529 1529 3581 Rhetorikern

464 3596 1528 3720 fflffiffissssitfissgdfffifisseffluis*2315

463 3737 542 3789 sie
563 3734 927 3788 verschiedene
951 3729 1184 3814 Schlus's-
1208 3734 1330 3785 oder
1351 3701 1525 3816 fiphe·

462 3800 1530 3939 {nassis525252330322‘3125‘222‘3:

385 3933 394 3942 ’
464 3941 648 3990 sistere
672 3935 795 4004 (wie
818 3939 870 3988 ln
896 3939 987 3989 der
1004 3938 1184 3990 Poesie
1205 3937 1333 3989 nach
1352 3937 1529 4001 jedem

464 4004 643 4072 Vers),
667 4022 753 4057 um
779 4007 832 4056 in
857 4006 948 4056 der
972 4005 1226 4057 zwischen
1249 4005 1365 4056 dem
1390 3992 1530 4056 Enii-

466 4075 633 4139 pnnkt
679 4075 771 4124 des
807 4074 955 4124 einen
989 4074 1098 4125 und
1130 4073 1246 4123 dem
1273 4073 1532 4138 Aniangs-

464 4141 631 4204 pnnkt
677 4140 767 4191 des
811 4140 1002 4192 andern
1035 4140 1215 4191 Satzes
1255 4139 1529 4205 liegenden

465 4218 611 4255 mora
630 4207 783 4256 Atem
808 4210 874 4259 su
895 4205 1047 4258 bolen
1071 4205 1528 4274 (interspirationis

705 4328 716 4357 Χ

1639 1631 1925 1700 clausulae)
1947 1660 2017 1672 —
2038 1633 2147 1685 also
2171 1633 2303 1685 nach
2329 1633 2495 1686 einem
2529 1638 2712 1686 natiir·

1640 1702 1806 1753 lichen
1830 1702 2165 1768 organischen
2185 1700 2418 1767 Gesetze‚
2447 1702 2589 1753 nicht
2612 1715 2711 1755 ans

1639 1771 1999 1836 Abspannung
2030 1767 2115 1836 (es
2151 1769 2313 1821 sollen
2353 1769 2495 1821 nicht
2518 1769 2713 1821 ‹letati-s

1638 1838 1858 1905 gationis
1882 1838 2142 1891 clausulae
2166 1835 2323 1903 sein).
2366 1837 2516 1888 Aueh
2539 1835 2710 1890 sollen

1639 1905 1780 1957 nicht
1813 1913 1941 1956 etwa
1971 1905 2055 1956 die
2077 1905 2710 1973 Interpunctionszeichen

1633 1971 1821 2039 (notae
1863 1972 2208 2039 librariorum)
2259 1973 2404 2025 diese
2446 1973 2708 2025 clausulas

1636 2040 1846 2092 macheu
1896 2039 2063 2104 (diese
2095 2039 2260 2092 sollen
2295 2039 2542 2094 vielmehr
2577 2042 2710 2093 eben

1637 2125 1735 2161 nur
1757 2110 1852 2160 das
1878 2112 2088 2159 iussere
2109 2105 2478 2159 Formzelchen
2511 2108 2597 2160 fiir
2620 2110 2710 2160 die

1636 2177 1950 2242 Gliederuug
1974 2176 2066 2227 des
2086 2175 2280 2227 Inhalts
2302 2174 2453 2242 sein),
2480 2177 2708 2228 sondern

1636 2244 1924 2296 detinuere
1944 2242 2234 2310 Rhythmns
2260 2244 2385 2295 oder
2407 2244 2539 2295 'rakt
2562 2242 2710 2312 (mm-

1634 2311 1757 2377 dus)
1778 2312 1867 2365 der
1884 2311 2066 2363 Worte
2089 2311 2196 2364 und
2207 2311 2504 2374 Gedauken,
2529 2308 2561 2380 S
2588 2310 2708 2366 175.

1636 2381 1720 2433 Or.
1744 2378 1831 2447 68,
1856 2389 1935 2431 228
1967 2380 2100 2448 hanc
2123 2379 2280 2446 igitur
2303 2381 2417 2432 sive
2440 2394 2553 2432 com
2596 2383 2707 2432 osi-

1635 2448 1906 2499 tiouem—
1917 2449 2028 2499 sive
2045 2463 2311 2499 numerum
2329 2449 2505 2499 vocari
2515 2397 2702 2516 pacet,

1634 2514 1879 2568 adhibere
1912 2521 2126 2567 necesse
2160 2525 2263 2579 est,
2299 2517 2347 2568 si
2370 2524 2549 2567 ornate
2571 2517 2705 2568 velis

1636 2584 1829 2645 dicere,
1864 2598 1969 2634 non
2002 2583 2195 2645 solum,
2233 2583 2372 2647 quod
2404 2585 2477 2641 ait
2500 2585 2703 2636 Aristo·

1634 2652 1762 2704 teles
1787 2660 1838 2702 et
1859 2650 2269 2717 Theophrastus,
2306 2666 2369 2701 ne
2404 2651 2491 2702 infi
2501 2653 2603 2702 nite
2627 2651 2709 2703 fe-

1635 2728 1775 2770 ratur
1796 2729 1852 2770 ut
1874 2719 2063 2769 flumen
2089 2719 2278 2783 oratio,
2317 2734 2451 2783 quae
2489 2735 2589 2772 non
2617 2728 2708 2771 aut

1635 2789 1823 2855 spiritu
1851 2788 2236 2853 pronuntiantis
2277 2794 2365 2836 aut
2409 2788 2705 2839 interductu

1635 2855 1866 2919 librarii,
1901 2854 1994 2905 sed
2018 2868 2222 2905 numero
2246 2861 2426 2906 coacta
2452 2852 2607 2907 debet
2625 2857 2707 2909 in-

1632 2925 1847 2987 sistere,
1899 2937 2074 2972 verum
2123 2923 2304 2985 etiam,
2354 2924 2492 2984 quod
2539 2923 2703 2974 multo

1633 2992 1877 3041 maiorem
1909 2989 2101 3041 habent
2134 2998 2254 3056 apta
2286 2989 2387 3038 vim
2427 3005 2581 3053 quam
2613 3005 2706 3042 so·

1634 3058 1754 3109 luta.
1795 3057 1928 3108 Statt
1945 3057 2324 3123 defatigationis
2348 3056 2492 3108 lesen
2511 3059 2705 3109 andere

1634 3126 2019 3191 defatigatione.

1702 3210 2026 3262 librariorum
2052 3210 2200 3274 notis,
2228 3209 2385 3260 Arist.
2411 3209 2544 3260 rhet.
2570 3212 2643 3261 111
2664 3208 2702 3261 8

1638 3275 1742 3331 δεῖ
1766 3305 1832 3316 -
1870 3269 2054 3356 δήλην
2089 3270 2243 3329 εἶναι
2284 3267 2392 3343 τὴν
2425 3271 2702 3360 τελευτήν

1631 3337 1710 3414 μὴ
1737 3337 1838 3397 διὰ
1873 3361 1975 3398 τον
2009 3339 2237 3428 way-⁴505
2270 3338 2419 3411 μηδὲ
2455 3337 2557 3424 §aaz
2592 3363 2702 3466 Ἕν

1630 3407 2052 3493 πᾳραγραφήν,
2097 3414 2241 3464 αλια
2275 3406 2376 3464 διὰ
2412 3429 2517 3465 τον
2551 3405 2625 3480 ῥυ
2676 3440 2704 3450 -

1632 3496 1761 3548 μον.

1699 3568 2080 3632 interpunctas,
2141 3565 2224 3617 Or.
2265 3563 2353 3626 16,
2400 3574 2454 3616 53
2507 3566 2700 3617 flumen

1629 3633 1744 3685 aliis
1768 3635 2041 3691 verborum
2064 3659 2131 3670 ·-
2158 3633 2298 3683 cordi
2325 3641 2428 3692 est,
2456 3632 2699 3684 distincta

1628 3701 1758 3753 alios
1783 3712 1835 3752 et
1855 3703 2187 3767 interpuncta
2207 3701 2492 3765 intervalia,
2519 3715 2694 3752 morae

1626 3770 2095 3837 respirationesque
2121 3767 2394 3819 delectant.

1696 3872 2035 3930 inconditmn,
2085 3867 2217 3920 noch
2266 3868 2402 3919 nicht
2445 3871 2696 3936 kunstge-

1631 3937 1798 3997 recht,
1831 3937 2060 3989 formlos.
2119 3936 2186 3989 So
2210 3937 2323 3988 Liv.
2350 3935 2446 3988 vn
2470 3937 2532 4000 2,
2556 3947 2581 3987 5
2612 3938 2693 3987 iu·

1632 4005 1850 4056 conditis
1876 4007 2124 4069 versibus,
2148 4008 2200 4056 in
2222 4006 2416 4056 Versen
2436 4020 2540 4056 von
2559 4003 2691 4055 noch

1631 4070 2094 4131 unentwickeltem‚
2153 4073 2330 4124 rohem
2390 4072 2515 4123 oder
2559 4070 2691 4124 doeh

1631 4139 1774 4191 nicht
1807 4140 1945 4192 kuns
2004 4140 2256 4193 erechtem
2293 4141 2508 4192 Metrum
2544 4139 2691 4206 (dem

1629 4151 2030 4275 natumischess.
2322 4206 2323 4211 ’
