2930 4693
444 228 615 278 xnv1
1216 213 1677 277 EINLEITUNG
1704 214 1757 274 11
1798 214 1836 292 S
1859 220 1911 276 3.

446 382 840 462 Streitfragen
884 382 984 443 bei
1024 381 1134 443 der
1164 381 2140 462 Gesetzesinterpretation
2179 377 2562 462 erheben¹⁸),
2592 381 2684 442 sei

447 458 512 543 es
563 467 699 529 dass
745 467 852 528 der
894 467 1046 528 Text
1096 467 1204 527 der
1249 464 1695 528 Gesetzesstelle
1749 467 1880 526 eine
1909 464 2391 543 Zweideutigkeit
2432 460 2684 526 enthielt

449 552 740 633 (ambaeyue
767 556 1087 629 scriptum,
1135 546 1560 633 ἀμφιβολία),
1605 550 1753 612 oder
1793 552 1891 611 ein
1919 548 2347 629 Widerspruch
2384 549 2688 611 zwischen

445 638 589 698 zwei
609 637 758 698 oder
777 637 1098 698 mehreren
1115 634 1602 697 Gesetzesstellen
1631 634 1943 696 obwaltete
1969 633 2183 714 (legum
2206 638 2678 705 contrariarum,

445 715 818 802 ἀντινομία)
851 721 997 783 oder
1019 720 1353 782 Buchstabe
1381 720 1505 782 und
1535 719 1999 798 beabsichtigter
2023 718 2170 779 Sinn
2195 720 2324 781 sich
2354 726 2679 798 entgegen-

445 806 652 868 stehen
696 805 925 883 (scripti
962 814 1021 866 et
1052 809 1392 876 voluntatis,
1427 801 1598 867 κατὰ
1639 798 1844 884 ῥητὸν
1885 797 1998 865 καὶ
2039 798 2350 865 διάνοιαν
2391 822 2440 867 s.
2472 796 2682 878 ὑπεξ-

445 890 728 971 αίρεσιν)
771 890 917 952 oder
947 889 1183 951 endlich
1212 909 1301 950 wo
1334 908 1438 951 aus
1479 891 1646 950 einer
1673 889 1962 967 positiven
1997 888 2681 966 Gesetzesbestimmung

445 975 574 1037 sich
625 977 758 1036 eine
802 974 1024 1036 andere
1078 974 1165 1036 als
1204 974 1586 1054 Consequenz
1635 971 1831 1052 ergibt
1881 973 2303 1052 (ναιὶοσίηαίίο,
2357 972 2681 1053 συλλογι-

447 1057 627 1139 σμός)
644 1057 735 1140 ¹9).
790 1061 961 1122 Diese
985 1061 1108 1120 vier
1136 1058 1611 1138 letztgenanntcn
1641 1066 1828 1119 status
1839 1057 2016 1119 fasste
2040 1076 2177 1119 man
2209 1058 2368 1118 daun
2397 1057 2482 1119 als
2505 1050 2683 1119 ὑπο-

444 1140 672 1217 θέσεις
694 1143 983 1223 vomatur,
1009 1162 1100 1220 qu
1115 1162 1154 1205 a
1169 1154 1279 1204 est
1289 1148 1491 1204 iones
1517 1148 1720 1218 ἱεραί
1730 1161 1805 1204 es
1834 1160 2173 1203 zusammen
2194 1141 2319 1204 und
2342 1150 2564 1204 nannte
2580 1142 2681 1203 die

446 1236 645 1290 zuerst
673 1228 1087 1308 angeffihrten,
1111 1248 1202 1289 wo
1233 1247 1297 1289 es
1320 1227 1485 1289 nicht
1507 1227 1841 1305 Erklarung
1864 1228 2031 1288 einer
2052 1229 2343 1306 positiven
2373 1227 2683 1289 Gesetzes-

448 1311 647 1385 stelle,
679 1313 940 1374 sondern
971 1313 1144 1397 mehr
1175 1313 1279 1375 auf
1309 1311 1572 1392 logische
1602 1311 2093 1392 Beweisfiihrung
2122 1311 2371 1384 ankam,
2417 1308 2689 1384 στάσεις

448 1398 741 1479 λογικαί,
786 1406 1020 1460 status
1060 1395 1610 1475 rationalesw).
1650 1432 1738 1444 —-
1776 1398 1866 1458 An
1891 1395 2059 1458 diese
2089 1396 2346 1458 Theorie
2378 1397 2486 1457 der
2516 1393 2682 1458 στά-

446 1567 756 1630 constitutio,
777 1567 897 1632 quia
920 1567 1274 1618 translationis
1298 1575 1347 1616 et
1371 1580 1507 1616 com-

447 1634 740 1685 mutationis
776 1636 905 1685 actio
932 1636 1160 1700 indigere
1182 1636 1385 1685 videtur
1418 1631 1512 1699 (de

449 1718 522 1753 or.
550 1704 618 1752 111
651 1701 737 1764 19,
764 1701 858 1768 70).
894 1704 917 1752 I
947 1701 1032 1765 11,
1060 1710 1108 1752 16
1132 1703 1295 1753 Huius
1322 1702 1511 1751 consti-

447 1771 658 1821 tutionis
672 1772 1008 1835 Hermagoras
1020 1771 1255 1820 inventor
1268 1785 1384 1820 esse
1409 1770 1516 1819 exi-

448 1839 700 1888 stimatur.
758 1838 928 1898 Quint.
956 1838 1025 1888 111
1050 1836 1107 1900 6,
1136 1847 1202 1888 60.
1252 1837 1363 1889 Ihm
1387 1837 1516 1902 folgt

451 1906 553 1959 Cic.
597 1905 726 1955 auch
774 1906 938 1957 hierin
979 1906 1031 1954 in
1075 1906 1243 1955 seiner
1283 1906 1313 1954 J
1319 1906 1511 1971 agend-

448 1972 628 2023 schrift
650 1989 703 2026 u.
717 1973 894 2023 nimmt
913 1972 1067 2023 daher
1090 1973 1174 2022 die
1198 1974 1402 2023 4status
1422 1986 1515 2022 an:

450 2041 547 2091 den
573 2049 636 2091 st.
663 2040 1042 2101 coniecturalis,
1082 2039 1403 2102 definitivus,
1429 2055 1518 2106 ge·
1547 2066 1550 2071 ·

449 2107 635 2158 neralis
660 2109 764 2158 und
790 2108 1138 2168 translativus3
1164 2107 1307 2158 theilt
1326 2108 1516 2172 jedoch

450 2176 546 2226 den
573 2185 636 2226 st.
662 2178 914 2240 generalis
940 2176 1128 2226 wieder
1145 2176 1196 2226 in
1223 2176 1319 2226 den
1341 2186 1516 2241 streng

442 2243 802 2307 juristischen,
846 2243 941 2293 auf
972 2244 1064 2294 das
1098 2244 1317 2310 positive
1348 2243 1513 2294 Recht

449 2311 557 2362 sich
571 2311 929 2375 beziehenden,
953 2312 1037 2362 die
1047 2312 1339 2363 constitutio
1361 2328 1513 2378 neqo-

450 2382 749 2443 tialis,quae
773 2381 825 2429 in
851 2381 965 2446 ipso
993 2380 1196 2444 negotio
1209 2381 1333 2429 iuris
1346 2380 1511 2430 civilis

449 2446 601 2496 habet
618 2448 917 2511 implicitam
939 2449 1335 2498 controversiam
1350 2487 1363 2511 ,
1385 2464 1435 2498 u.
1459 2448 1511 2498 d.

449 2524 610 2565 const.
626 2517 946 2581 iuridicialis,
962 2516 1011 2564 in
1038 2530 1139 2580 qua
1163 2516 1312 2577 aequi
1339 2525 1387 2564 et
1411 2517 1510 2565 ini-

449 2585 536 2645 qui
558 2592 733 2633 natura
759 2594 807 2633 et
830 2584 1041 2649 praemii
1059 2591 1147 2633 aut
1165 2592 1360 2650 poenae
1384 2585 1513 2633 ratio

449 2652 708 2713 quaeritur
731 2648 822 2715 (de
845 2652 950 2701 inv.
974 2653 994 2701 1
1020 2650 1100 2702 11.
1137 2652 1181 2701 11
1204 2651 1268 2700 21
1296 2650 1396 2714 ff.).
1422 2651 1515 2701 Die

447 2719 743 2768 iuridicialis
771 2719 967 2769 zerfiillt
986 2720 1122 2769 daun
1139 2719 1326 2769 wieder
1347 2720 1398 2769 iu
1421 2720 1515 2770 ab·

449 2787 615 2836 soluta
646 2801 697 2838 u.
731 2787 1049 2852 assumptiva
1069 2787 1162 2835 mit
1182 2786 1327 2836 ihren
1351 2788 1384 2836 4
1407 2786 1511 2837 Un-

449 2853 917 2919 terabtheilungem
968 2855 1300 2919 comparatio,
1335 2855 1512 2905 relatio

450 2922 699 2981 criminis,
723 2923 935 2971 remotio
961 2923 1212 2981 criminis,
1249 2924 1512 2972 concessio

452 2985 545 3054 (de
566 2989 672 3039 inv.
699 2991 744 3039 11
767 2988 834 3040 23
857 2989 960 3052 ff.).
987 2990 1069 3041 Or.
1097 3000 1226 3055 part.
1253 2989 1336 3053 28,
1362 2998 1429 3040 99.

524 3054 608 3119 18)
629 3055 775 3108 Rhet.
802 3057 866 3107 ad
880 3058 994 3107 Her.
1024 3060 1041 3107 1
1072 3057 1280 3115 ll,18ff.
1307 3057 1394 3106 hat
1418 3058 1510 3108 da-

452 3124 543 3174 her
576 3124 812 3190 folgende
846 3126 953 3175 drei
978 3126 1392 3185 constitutioneS‚
1430 3126 1515 3175 die

451 3193 800 3243 coniecturalis
819 3231 833 3258 ,
858 3195 1078 3258 leyicima
1101 3209 1152 3243 u.
1189 3194 1512 3251 iuridicialis3

451 3261 533 3311 die
569 3259 818 3325 legitima,
864 3275 978 3311 cum
1014 3263 1064 3311 in
1100 3262 1287 3326 scripto
1321 3261 1514 3323 aliquid

448 3328 823 3379 controversiae
841 3328 1087 3391 nascitur,
1111 3329 1305 3379 zeri'fillt
1327 3329 1515 3379 wieder

449 3394 547 3446 inss
559 3396 755 3446 Theile:
780 3398 1024 3463 scriptum
1037 3406 1086 3445 et
1107 3397 1374 3458 sententia,
1387 3411 1514 3447 con-

446 3465 631 3514 trariae
677 3465 841 3529 leges,
890 3464 1210 3529 ambiguum,
1270 3464 1518 3524 definitio,

446 3532 728 3595 translatiO,
741 3533 1054 3583 ratiocinatio
1068 3548 1081 3592 ;
1100 3532 1190 3582 die
1212 3530 1512 3582 iuridicialis

447 3600 572 3649 wird
603 3600 698 3649 wie
733 3614 830 3649 von
868 3600 971 3650 Cic.
1008 3600 1071 3650 de
1105 3601 1211 3650 inv.
1247 3601 1268 3650 I
1305 3599 1365 3650 11
1402 3601 1513 3650 ein-

445 3667 674 3732 getheilt.

519 3733 607 3798 19)
635 3735 737 3785 Cic.
753 3735 817 3785 de
846 3735 1081 3798 inv.112,
1096 3744 1145 3785 17
1159 3735 1213 3785 ff.
1242 3735 1343 3785 zfilt
1366 3735 1475 3785 siin
1491 3735 1516 3784 f

446 3802 584 3852 Falle
608 3802 702 3852 auf
716 3839 731 3863 ‚
759 3803 928 3853 indem
956 3818 1010 3852 er
1036 3819 1100 3852 zu
1124 3803 1220 3852 den
1247 3803 1383 3852 vier
1406 3803 1508 3852 Ka-

446 3869 671 3934 tegorien
706 3871 796 3921 des
830 3871 1169 3936 Hermagoras
1209 3868 1409 3935 (Quint.
1437 3872 1507 3921 111

447 3935 497 3997 6,
522 3935 601 4001 61)
626 3937 757 3987 noch
783 3938 874 3988 das
889 3953 1051 4004 genus
1064 3937 1378 3988 definitivum
1389 3938 1504 3988 hin·

448 4004 650 4068 suffigt:
699 4005 890 4071 Scripti
936 4006 1282 4056 controversia
1317 4015 1395 4056 est
1430 4020 1506 4068 ea,

447 4086 578 4133 quae
619 4085 683 4121 ex
716 4073 1006 4139 scriptionis
1041 4088 1242 4138 genere„
1268 4074 1507 4124 nascitur.

446 4139 569 4188 Eius
605 4148 774 4188 autem
809 4155 996 4204 genera
1028 4166 1092 4178 —-
1130 4143 1347 4207 quinque
1371 4152 1508 4192 sunt.

446 4205 574 4255 Nam
591 4215 697 4255 tum
718 4207 871 4256 verba
892 4208 1001 4272 ipsa
1020 4208 1254 4259 videntur
1273 4224 1385 4260 cum
1397 4223 1511 4260 sen·

1613 1566 1769 1615 tentia
1802 1566 2061 1632 scriptoris
2096 1566 2374 1630 dissidere,
2408 1571 2518 1615 tum
2549 1566 2689 1615 inter

1614 1649 1670 1683 se
1706 1633 1838 1683 duae
1870 1634 2010 1699 leges
2045 1643 2132 1683 aut
2165 1634 2338 1700 plures
2372 1633 2682 1699 discrepare,

1614 1712 1721 1750 tum
1756 1701 1810 1752 id
1844 1702 1979 1765 quod
2013 1702 2256 1768 scriptum
2293 1710 2395 1759 est,
2429 1701 2557 1751 duas
2592 1711 2689 1750 aut

1616 1769 1788 1834 plures
1812 1784 1894 1819 res
1917 1768 2222 1834 significare,
2245 1777 2353 1819 tum
2372 1784 2438 1818 ex
2463 1783 2521 1819 eo
2544 1770 2688 1831 quod

1616 1837 1862 1903 scriptum
1888 1845 1981 1899 est,
2008 1837 2147 1887 aliud
2171 1851 2389 1899 quoque,
2416 1837 2556 1900 quod
2578 1851 2686 1887 non

1618 1905 1863 1970 scriptum
1887 1913 1991 1964 est,
2018 1904 2259 1967 inveniri,
2285 1914 2393 1954 tum
2422 1905 2497 1954 vis
2523 1906 2687 1967 verbi,

1622 1972 1766 2034 quasi
1806 1973 1859 2022 in
1902 1972 2158 2022 definitiva
2198 1972 2582 2032 constitutione,
2628 1973 2686 2023 iu

1620 2055 1721 2102 quo
1746 2040 1915 2107 posita
1939 2040 2005 2090 sit
2030 2040 2220 2102 quaeri.
2271 2040 2435 2101 Quare
2456 2040 2687 2106 primum

1618 2123 1781 2174 genus
1807 2110 1871 2159 de
1893 2110 2091 2173 scripto
2116 2116 2168 2158 et
2188 2109 2465 2168 sententia,
2491 2122 2682 2158 secun·

1616 2176 1738 2227 dum
1786 2191 1857 2226 ex
1896 2178 2171 2227 contr-ariis
2214 2176 2428 2242 legibus,
2477 2177 2686 2226 tertium

1615 2244 1911 2309 ambiyuum.
1973 2253 2207 2307 quartum
2261 2245 2685 2304 ratiocinativum,

1614 2313 1845 2376 quintum
1868 2313 2168 2376 definitivum
2177 2314 2516 2364 nominamus.
2535 2314 2582 2363 11
2592 2312 2686 2376 40,

1618 2389 1690 2430 116
1709 2380 1761 2430 ff.
1789 2378 2145 2446 (Ausffihrung
2160 2397 2211 2431 ιι.
2232 2379 2530 2447 Beispieie).
2551 2380 2687 2447 Spa-

1616 2457 1692 2497 ter
1723 2449 1924 2498 werden
1952 2447 2140 2512 jedoch
2173 2448 2256 2498 die
2288 2448 2406 2498 ffluf
2423 2448 2561 2499 Falle
2588 2464 2683 2499 zu-

1618 2515 1797 2565 nfichst
1820 2515 1916 2565 auf
1935 2515 2070 2565 drei
2096 2517 2369 2566 reduciert:
2395 2516 2520 2580 Top.
2536 2530 2579 2566 c.
2592 2517 2685 2577 25,

1616 2592 1666 2633 96
1691 2585 1818 2633 Τιιιιι
1844 2584 1978 2633 enim
2000 2583 2287 2634 defenditur
2306 2598 2405 2634 non
2431 2584 2485 2633 id
2511 2583 2681 2647 legem

1618 2651 1802 2712 dicere,
1832 2652 1969 2713 quod
1993 2652 2315 2701 adversarius
2342 2651 2486 2713 veiit3
2512 2651 2567 2701 id
2591 2666 2687 2702 au-

1617 2726 1722 2768 tem
1748 2719 1998 2784 contingit
2034 2734 2145 2769 cum
2173 2721 2416 2786 scriptum
2441 2720 2684 2784 ambigu-

1620 2802 1704 2836 um
1730 2797 1823 2846 est,
1843 2798 1898 2836 ut
1924 2789 2056 2836 duae
2081 2788 2369 2838 differentes
2394 2788 2687 2838 sententiae

1616 2854 1778 2921 accipi
1802 2855 2030 2920 possint;
2065 2864 2172 2906 tum
2197 2856 2474 2921 opponitur.
2485 2857 2682 2921 scripto

1616 2923 1849 2972 voluntas
1874 2923 2153 2989 scriptoris,
2182 2932 2236 2972 ut
2260 2934 2543 2986 quaeratur,
2566 2938 2684 2973 ver-

1617 2991 1748 3040 bane
1771 2991 1905 3057 plus,
1921 3005 1987 3040 an
2012 2993 2263 3041 sententia
2281 2991 2448 3041 valere
2465 2992 2682 3052 debeat3

1616 3067 1723 3107 tum
1759 3058 1860 3123 legi
1901 3059 1987 3108 lex
2021 3060 2271 3108 contraria
2304 3059 2527 3108 affertur.
2601 3061 2684 3110 Ita

1616 3135 1735 3175 sunt
1759 3130 1861 3177 cria
1880 3142 2099 3191 ,qen-era,
2126 3142 2258 3190 quae
2280 3127 2683 3177 controversiam

1615 3196 1667 3243 in
1693 3195 1828 3243 omni
1854 3195 2039 3259 scripto
2065 3194 2229 3246 facere
2251 3202 2494 3259 possunt,
2522 3195 2685 3246 ambi-

1612 3278 1773 3327 guum,
1794 3264 2148 3327 discrepantia
2169 3264 2355 3327 scripti
2376 3270 2429 3313 et
2449 3264 2682 3314 volunta-

1621 3331 1686 3380 tis
1720 3337 1770 3379 et
1800 3332 2000 3394 scripta
2033 3332 2314 3381 contraria.
2375 3331 2574 3381 Ebenso
2600 3345 2681 3382 or.

1616 3406 1745 3462 part.
1784 3412 1826 3446 o.
1854 3396 1919 3448 38
1943 3414 1996 3448 ιι.
2023 3397 2088 3449 39
2122 3414 2172 3447 ιι.
2210 3399 2274 3447 de
2298 3412 2372 3448 or.
2410 3399 2430 3447 1
2454 3397 2517 3449 31
2539 3434 2553 3458 ,
2581 3407 2677 3463 140,

1617 3479 1693 3514 wo
1730 3464 1813 3514 die
1858 3465 2204 3531 gewiihnliche
2237 3464 2427 3516 rhetor.
2461 3465 2684 3517 Theorie

1613 3533 1909 3598 angegeben
1936 3534 2078 3583 wird.
2128 3533 2189 3582 Ja
2224 3534 2288 3584 de
2313 3547 2385 3584 or.
2411 3535 2458 3584 II
2481 3532 2574 3594 26,
2602 3542 2682 3585 110

1611 3602 1814 3651 werden
1841 3616 1993 3667 sogar
2017 3600 2114 3650 alle
2132 3600 2270 3651 Falla
2294 3601 2387 3651 auf
2405 3603 2505 3652 den
2524 3603 2678 3654 einen

1612 3668 1703 3718 des
1727 3669 2020 3734 ambiguum
2047 3668 2439 3734 zuriickgeffihrt
2461 3686 2510 3720 ιι.
2534 3671 2683 3721 diese

1610 3736 1881 3801 Kategorie
1912 3737 2003 3787 des
2038 3737 2274 3801 ambigue
2308 3739 2551 3804 scriptum
2586 3754 2683 3789 zur

1612 3804 1905 3853 constitutio
1930 3805 2181 3869 generalis
2205 3805 2497 3869 gerechnet.
2526 3805 2678 3872 (Vgi.

1608 3872 1689 3923 Or.
1716 3870 1799 3930 34,
1828 3873 1949 3937 121.)
1998 3871 2169 3933 Quint.
2193 3872 2288 3923 VII
2312 3871 2465 3926 6—9.

1676 3937 1772 4002 20)
1796 3939 1965 3999 Quint.
2001 3941 2070 3989 111
2106 3938 2162 3999 6,
2199 3950 2249 3990 55
2289 3943 2332 3989 A
2370 3942 2680 4004 quibusdam

1612 4006 1797 4056 deinde
1817 4007 1982 4057 divisa
2000 4008 2127 4057 ratio
2148 4017 2226 4057 est
2254 4017 2303 4057 et
2330 4016 2492 4059 status
2512 4014 2679 4061 ratio·

1613 4077 1756 4124 nates
1778 4075 2112 4140 appellarunt,
2137 4076 2460 4139 quaestiones
2484 4081 2682 4144 legales

1614 4142 1682 4192 111
1708 4139 1757 4204 6,
1783 4150 1850 4196 61.
1885 4143 2010 4209 Top.
2035 4142 2120 4206 25,
2147 4152 2199 4194 95
2224 4145 2423 4194 werden
2450 4148 2526 4195 sie
2549 4149 2680 4212 leqt'·

1615 4213 1761 4260 timae
1787 4211 2185 4275 disceptationes
2208 4225 2449 4275 genannt.
