2930 4693
865 235 964 300 DE
997 235 1353 301 ORATORE
1382 237 1409 300 1
1439 236 1544 303 58.
1591 247 1902 301 247-249.

2413 247 2497 313 89

264 415 380 477 tur,
412 424 525 467 nec
556 405 868 487 quisquam
911 413 1001 467 est
1030 424 1267 477 eorum,
1309 407 1439 488 qui,
1482 408 1534 471 si
1572 410 1693 471 iam
1732 410 1811 472 sit
1839 411 2222 474 ediscendum
2250 412 2363 476 sibi
2391 412 2498 477 ali-

166 542 171 545 .
265 491 425 572 quid,
457 509 580 551 non
610 491 907 553 Teucrum
936 492 1175 553 Pacuvii
1215 491 1414 563 malit,
1447 513 1627 575 quam
1657 494 2004 558 Manilianas
2030 497 2324 561 venalium
2352 518 2493 561 ven-

263 576 597 637 dendorum
625 575 788 656 leges
817 576 1101 639 ediscere.
1162 577 1316 639 Tum
1345 585 1542 641 autem
1575 580 1734 660 quod
1774 599 1977 644 amore
2016 585 2242 664 patriae
2285 603 2493 647 censes
2520 591 2624 643 247

262 679 374 722 nos
402 669 744 723 nostrorum
772 662 1067 723 maiorum
1108 664 1345 723 inventa
1374 681 1551 726 nosse
1582 663 1833 738 debere,
1878 685 1999 728 non
2029 668 2219 741 vides,
2261 677 2493 731 veteres

263 744 426 823 leges
457 754 558 807 aut
585 747 743 826 ipsas
772 765 877 808 sua
905 754 1193 808 vetustate
1217 751 1600 811 consenuisse
1623 758 1724 812 aut
1745 753 1913 812 novis
1935 751 2165 832 legibus
2197 772 2327 816 esse
2356 754 2498 816 sub-

264 829 447 891 latas?
504 830 674 903 Quod
714 850 855 893 vero
904 833 1057 894 viros
1096 830 1286 894 bonos
1327 835 1459 895 iure
1508 834 1664 896 civili
1692 836 1826 897 fieri
1853 844 2055 917 putaS,
2098 841 2236 919 quia
2265 839 2498 919 legibus

263 923 322 976 et
351 918 617 994 praemia
646 918 949 997 proposita
979 919 1098 978 sint
1126 918 1439 981 virtutibus
1472 927 1530 980 et
1559 918 1847 1001 supplicia
1877 924 2048 993 vitiis,
2082 923 2357 1005 equidem
2385 944 2495 1005 pu-

265 999 465 1062 tabam
478 1002 755 1062 virtutem
786 1001 1144 1073 hom‘inibuS,
1177 1004 1226 1063 si
1256 1003 1435 1065 modo
1467 1003 1622 1066 tradi
1650 1007 1881 1067 ratione
1894 1009 2097 1087 possit,
2129 1009 2494 1071 instituendo

262 1092 322 1146 et
349 1085 784 1165 persuadendo,
818 1105 939 1148 non
961 1088 1140 1149 minis
1165 1095 1223 1149 et
1248 1089 1302 1148 vi
1321 1108 1390 1150 ac
1419 1097 1586 1151 metu
1613 1090 1789 1152 tradi.
1849 1092 1999 1153 Nam
2028 1094 2225 1171 ipsum
2256 1093 2495 1174 quidem

259 1169 406 1231 illud
449 1172 623 1233 etiam
669 1173 797 1232 sine
840 1173 1180 1251 cognitione
1208 1175 1385 1245 iuriS,
1431 1193 1607 1254 quam
1651 1177 1726 1236 sit
1755 1174 1978 1239 bellum
2010 1196 2218 1240 cavere
2249 1179 2488 1251 malum,

260 1257 416 1317 scire
456 1274 790 1336 possumus,
865 1257 949 1318 De
993 1276 1089 1318 me
1132 1265 1329 1320 autem
1359 1260 1519 1339 ipso,
1564 1261 1659 1321 cui
1697 1262 1803 1328 uni
1831 1269 1896 1324 tu
1926 1263 2232 1334 concedis,
2265 1272 2333 1325 ut
2359 1266 2488 1326 siue
2519 1274 2623 1327 248

258 1339 379 1401 ulla
407 1342 554 1402 iuris
565 1342 822 1403 scientia
846 1349 1045 1404 tamen
1076 1345 1270 1405 causis
1291 1345 1434 1405 satis
1456 1343 1656 1407 facere
1685 1348 1927 1425 possim,
1960 1347 2071 1408 tihi
2098 1348 2231 1419 hoc,
2258 1349 2489 1422 Crasse,

259 1425 615 1506 respondeo,
643 1443 838 1507 neque
867 1446 964 1488 me
994 1447 1274 1508 umquam
1316 1430 1409 1490 ius
1450 1428 1621 1491 civile
1666 1430 1944 1493 didicisse
1977 1450 2168 1513 neque
2200 1441 2400 1496 tamen
2431 1436 2493 1496 in

262 1511 348 1571 eis
378 1512 588 1582 causiS,
621 1530 768 1591 quas
798 1513 862 1572 in
891 1513 1022 1573 iure
1043 1530 1282 1593 possem
1305 1513 1647 1586 defendere,
1679 1534 1960 1595 umquam
1984 1519 2156 1579 istam
2179 1520 2490 1581 scientiam

260 1595 646 1657 desiderasse.
707 1596 881 1658 Aliud
913 1604 1003 1659 est
1035 1600 1198 1659 enim
1231 1617 1362 1660 esse
1392 1600 1681 1661 artificem
1713 1600 2018 1662 cuiusdam
2050 1605 2289 1681 generis
2317 1610 2492 1684 atque

264 1682 426 1751 artis,
461 1680 620 1742 aliud
648 1683 714 1742 in
745 1684 1048 1743 communi
1081 1685 1194 1743 vita
1224 1692 1285 1745 et
1311 1682 1539 1763 vulgari
1567 1684 1878 1746 hominum
1910 1687 2337 1749 consuetudine
2379 1706 2491 1749 nec

257 1764 532 1827 hebetem
575 1784 688 1826 nec
716 1766 948 1828 rudem.
1022 1768 1130 1830 Cui
1171 1776 1441 1830 nostrum
1484 1768 1626 1831 licet
1667 1770 1883 1831 fundos
1923 1780 2159 1834 nostros
2188 1771 2357 1834 obire
2386 1780 2489 1835 aut
2517 1783 2621 1836 249

255 1868 355 1912 res
400 1852 654 1939 rusticas
693 1850 786 1913 vel
824 1851 1055 1914 fructus
1097 1871 1272 1916 causa
1312 1852 1405 1915 vel
1448 1853 1857 1916 delectationis
1898 1857 2195 1919 invisere?
2261 1858 2488 1921 Tamen

256 1953 433 1997 nemo
463 1941 585 1996 tam
614 1937 743 1997 sine
774 1937 990 2008 oculis,
1034 1944 1156 1999 tam
1200 1941 1328 2000 sine
1370 1948 1571 2002 mente
1607 1941 1776 2012 vivit,
1822 1948 1888 2002 ut
1929 1942 2072 2022 quid
2103 1944 2180 2004 sit
2210 1946 2492 2006 sementis

255 2038 325 2081 ac
354 2022 595 2091 messiS,
648 2021 790 2100 quid
834 2021 1117 2084 arborum
1146 2025 1372 2103 putatio
1402 2043 1472 2086 ac
1505 2026 1736 2097 vitium,
1771 2045 1888 2106 quo
1919 2034 2190 2107 tempore
2221 2030 2362 2090 anni
2391 2036 2493 2090 aut

255 2123 371 2185 quo
402 2106 580 2167 modo
612 2124 681 2167 ea
709 2106 854 2167 fiant
881 2109 1124 2168 omnino
1147 2111 1390 2172 nesciat.
1451 2111 1606 2172 Num
1636 2111 1818 2190 igitur
1848 2113 1898 2173 si
1928 2114 2029 2192 qui
2059 2112 2278 2175 fundus
2306 2115 2491 2194 inspi-

256 2188 502 2254 ciendus
544 2199 646 2253 aut
683 2193 734 2253 si
775 2192 1178 2259 mandandum
1210 2194 1429 2276 aliquid
1458 2198 1837 2277 procuratori
1868 2197 1942 2258 de
1973 2198 2102 2277 agri
2132 2196 2363 2260 cultura
2392 2205 2493 2260 aut

320 2438 413 2480 247.
448 2431 677 2491 inventa,
727 2432 811 2482 die
847 2432 1322 2499 Culturgeschiehte

253 2498 345 2548 der
355 2498 590 2558 Vorzeit3
610 2500 747 2550 denn
769 2501 976 2550 inventa
996 2502 1119 2551 oder
1139 2502 1319 2552 inven-

250 2574 335 2616 tae
351 2581 434 2616 res
453 2567 687 2631 umfasst,
697 2569 770 2617 im
781 2566 1067 2633 Gegensatz
1093 2585 1159 2620 zu
1180 2577 1325 2619 actae

250 2650 333 2684 res
358 2636 411 2684 d.
435 2634 489 2683 h.
515 2636 605 2684 der
630 2638 875 2685 ausseren
899 2635 1199 2702 politischen
1226 2635 1323 2686 Ge·

249 2701 496 2761 schichte,
510 2701 769 2764 alle8‚was
787 2702 897 2753 sich
909 2702 1001 2752 auf
1016 2704 1108 2753 das
1122 2703 1320 2755 Cultur-

249 2769 404 2820 leben
426 2770 480 2819 in
503 2770 928 2835 Einrichtungen,
959 2769 1146 2832 Sitten,
1182 2773 1320 2822 Kiin-

250 2846 364 2888 aten
404 2853 459 2888 u.
482 2853 526 2890 s.
550 2853 616 2888 w.
658 2837 876 2889 bezieht.
947 2838 1087 2890 Brut.
1122 2838 1216 2903 56,
1240 2840 1335 2891 205*

248 2905 365 2959 Fuit
384 2906 835 2970 is——autiquitatis
860 2917 1063 2964 nostrae
1088 2917 1137 2957 et
1158 2908 1210 2958 in
1235 2909 1317 2958 in-

250 2975 418 3024 ventis
441 2975 596 3024 rebus
617 2975 737 3025 etin
760 2976 885 3025 actis
910 2976 1316 3041 scriptorumque

248 3051 478 3092 veterum
501 3042 718 3093 litterate
741 3043 955 3109 peritus.

317 3126 465 3176 quam
494 3112 565 3162 sit
593 3111 793 3174 bellum,
833 3126 924 3161 zur
958 3111 1319 3177 Persissierung

249 3178 340 3228 der
353 3177 427 3228 oft
438 3177 556 3229 sehr
571 3180 800 3230 trivialen
812 3178 1148 3230 moralischen
1164 3179 1317 3236 Siitze

248 3262 302 3297 u.
320 3246 693 3297 Vorschriften.

314 3323 408 3364 248.
444 3316 500 3364 in
521 3317 634 3365 iure
671 3342 735 3351 —
758 3315 1023 3375 proeesse,
1048 3316 1133 3378 bei
1158 3317 1316 3366 deren

247 3381 490 3448 Fiihrung
513 3398 568 3433 es
592 3382 706 3433 sich
732 3398 818 3433 um
839 3382 1081 3449 specielle
1099 3385 1318 3450 positive

245 3450 690 3515 privatrechtliche
720 3451 1138 3516 Bestimmungen
1184 3451 1314 3502 han-

245 3518 370 3568 delt.
417 3519 582 3570 Aliud
600 3544 671 3556 —-
694 3518 900 3569 fihnlich
923 3520 994 3568 111
1017 3517 1111 3582 23,
1137 3528 1205 3569 86.

313 3595 407 3637 249.
437 3586 537 3637 Der
558 3586 696 3649 Sati,
721 3588 842 3638 dass
862 3587 952 3637 der
961 3586 1164 3636 Redner
1187 3585 1320 3637 doch

244 3653 296 3703 in
323 3654 798 3720 privatreehtlichen
816 3655 1098 3706 Processen
1123 3654 1317 3705 auftre-

246 3729 332 3772 ten
355 3723 512 3786 kann,
534 3722 669 3774 ohne
686 3724 990 3774 einJurist
1015 3738 1135 3773 von
1153 3721 1312 3773 Fach

247 3806 314 3839 zu
336 3791 477 3854 sein,
500 3806 648 3841 wenn
674 3807 727 3841 er
751 3808 847 3842 nur
871 3793 973 3843 den
998 3790 1315 3842 natiirlichen

244 3858 512 3923 gesunden
546 3859 1065 3911 Menschenverstand
1108 3859 1311 3920 besitzt,

244 3927 373 3975 wird
405 3926 564 3977 durch
601 3928 685 3978 ein
717 3929 961 3994 analoges
985 3927 1205 3993 Beispiel
1231 3944 1311 3978 er-

245 3993 448 4045 lfiutert.
509 3995 655 4045 Denn
690 3995 834 4046 obire
863 3995 1054 4047 fundos
1089 3996 1197 4046 und
1228 4010 1313 4046 res

242 4064 463 4113 rusticas
495 4063 718 4114 invisere
752 4062 1033 4127 entsprieht
1068 4064 1184 4114 dem
1207 4065 1315 4115 be-

244 4144 313 4181 so
328 4131 527 4181 ndern
554 4130 790 4182 Studium
814 4131 905 4181 des
929 4131 1118 4182 Rechts
1144 4128 1316 4197 (3173

241 4199 432 4249 iudicia
463 4199 663 4265 privata
699 4196 894 4264 obire),
945 4200 1038 4250 das
1064 4198 1149 4250 Cr.
1183 4200 1316 4251 auch

241 4266 325 4318 vel
345 4266 541 4318 fructus
552 4267 635 4318 vel
658 4267 1009 4319 delectationis
1021 4281 1175 4320 causa
1198 4283 1312 4320 ver·

348 4356 453 4401 cle.
480 4356 556 4400 DE
583 4357 755 4404 ORAT.
794 4357 836 4404 ἲ.
863 4357 982 4403 Ana.

1424 2433 1567 2499 langt
1590 2432 1742 2485 hatte.
1785 2432 2018 2484 Darnaeh
2042 2434 2223 2500 gehiirt
2247 2450 2346 2486 non
2371 2434 2494 2503 (vor

1425 2500 1570 2565 licet)
1605 2500 1782 2552 nicht
1804 2503 1856 2552 in
1882 2503 1982 2552 den
2004 2504 2136 2554 Text
2158 2519 2209 2553 u.
2235 2505 2304 2554 ist
2324 2504 2488 2555 wahr-

1425 2568 1704 2620 scheinlich
1726 2584 1821 2620 aus
1851 2571 1989 2620 einer
2022 2572 2216 2621 kurzen
2250 2573 2488 2624 Rand‘be-

1426 2637 1704 2702 merkung,
1752 2638 1834 2687 die
1866 2638 1964 2688 den
2001 2638 2166 2688 Inhalt
2206 2639 2297 2689 der
2328 2640 2490 2706 Frage

1426 2718 1561 2769 ganz
1576 2705 1759 2770 richtig
1776 2704 1931 2755 dahin
1951 2706 2261 2757 bestimmte=
2283 2709 2404 2758 ‘non
2428 2708 2490 2757 li-

1425 2770 1526 2822 cet’
1571 2774 1745 2838 spfiter
1776 2774 1831 2822 in
1864 2774 1962 2824 den
1994 2775 2123 2825 Text
2154 2775 2486 2840 gekoinmeu:

1422 2842 1543 2891 ‘wer
1574 2856 1677 2891 von
1710 2857 1810 2892 uns
1843 2840 1931 2890 hat
1963 2843 2046 2892 bei
2080 2843 2169 2892 der
2193 2843 2363 2894 Masse
2386 2860 2488 2895 von

1417 2907 1725 3040 Ξὲἓῗῗῗέιῗ
1752 2907 2487 3030 bisszztii‘sszffazsffi

1417 3045 1737 3110 abzugeben.
1793 3046 2062 3097 Trotzdem
2086 3047 2209 3097 aber
2230 3047 2298 3098 ist
2320 3048 2490 3098 sicher

1419 3113 1502 3162 ein
1519 3112 1668 3176 jeder
1693 3127 1793 3163 von
1817 3130 1915 3165 uns
1940 3118 2178 3180 vermoge
2200 3116 2369 3166 seiner
2391 3114 2488 3165 all·

1416 3181 1943 3246 gemeinenKenntnis
1967 3182 2213 3249 beffihigt’
2240 3192 2336 3234 etc.
2385 3184 2489 3234 Ta·-

1415 3265 1529 3300 men
1550 3265 1721 3311 nemo,
1746 3250 1779 3312 S
1801 3249 1921 3302 251.

1486 3318 1536 3367 εἰ
1558 3319 1673 3382 qui,
1706 3318 1804 3366 wie
1837 3316 1978 3366 Bake
2012 3317 2098 3367 die
2138 3316 2488 3381 Vulgatlesart

1417 3385 1502 3435 cui
1524 3384 1709 3449 richtig
1731 3385 2023 3435 verbessert
2039 3383 2149 3434 hat:
2174 3384 2356 3449 irgend
2373 3385 2485 3434 eins

1418 3467 1523 3502 von
1546 3452 1648 3502 den
1670 3453 1836 3503 vielen
1846 3450 2255 3511 Grundstiicken,
2272 3451 2355 3501 die
2368 3468 2484 3501 zum

1420 3520 1720 3585 Gesamtgut
1741 3519 1984 3585 gehoren.
2032 3520 2377 3584 inspiciendus
2409 3534 2488 3570 sc.

1423 3604 1490 3637 zu
1527 3588 1665 3637 einer
1689 3588 1976 3639 besondern
1999 3586 2337 3653 Einrichtung
2360 3588 2486 3638 oder

1421 3668 1514 3705 aus
1562 3656 1728 3705 einem
1774 3655 1971 3705 anderu
2004 3653 2207 3720 Grund,
2256 3657 2348 3707 der
2393 3657 2484 3706 des

1417 3724 1582 3773 Herrn
1615 3724 1957 3789 selbsteigeue
1996 3723 2361 3773 Anwesenheit
2402 3739 2484 3773 er-

1417 3793 1628 3854 fordert,
1638 3807 1727 3841 um
1744 3792 1844 3841 den
1859 3790 2192 3842 Saohverhalt
2205 3791 2259 3841 in
2271 3791 2453 3856 Augen
2464 3817 2481 3827 ·

1417 3859 1596 3911 schein
1618 3876 1685 3911 zu
1707 3858 1944 3911 nehmen.
1973 3867 2289 3925 procurator
2305 3859 2375 3909 ist
2394 3859 2486 3909 der

1417 3928 1790 3979 Stellvertreter
1816 3928 1906 3978 des
1929 3928 2120 3990 Herru,
2155 3928 2245 3978 d'er
2270 3927 2362 3977 das
2383 3925 2484 3977 Gut

1414 3997 1488 4046 im
1507 3996 1701 4046 Numen
1727 3997 1817 4047 der
1839 3995 2138 4046 Herrschaft
2173 3994 2481 4045 verwaltete.

1415 4063 1573 4114 Unter
1609 4062 1717 4113 ihm
1750 4064 1902 4114 stand
1936 4064 2030 4114 der
2059 4062 2258 4114 villicus
2290 4078 2356 4113 an
2390 4064 2482 4113 der

1418 4131 1595 4197 Spitze
1632 4132 1724 4182 des
1760 4131 2039 4192 Gesindes,
2098 4131 2188 4181 der
2229 4131 2313 4182 die
2344 4131 2482 4182 Liin-

1418 4199 1622 4249 dereien
1644 4216 1709 4250 zu
1727 4200 1979 4265 besorgen
1991 4198 2094 4250 hat.
2119 4198 2284 4249 Daher
2301 4199 2386 4250 fiir
2396 4199 2482 4263 je-

1419 4282 1549 4319 nen:
1575 4269 1838 4333 mandare,
1872 4267 1955 4320 fiir
1979 4268 2184 4340 diesen:
2211 4269 2481 4336 imperare.

1995 4358 2078 4422 10
