2930 4693
895 197 996 261 DE
1039 196 1397 261 ORATORE
1437 198 1522 261 111
1562 198 1667 264 38.
1713 207 1834 261 154.
1915 190 1930 207 ⁸
2351 209 2484 276 279

218 381 338 428 neo
370 363 655 445 ‘prolem’
696 372 799 426 aut
839 365 1159 428 ‘subolem'
1201 374 1315 428 aut‘
1343 367 1508 428 ‘sari’
1551 375 1656 430 aut
1698 372 2097 451 ‘nuncupare’
2142 380 2262 443 aut,
2306 381 2376 436 ut
2413 382 2483 436 tu

222 450 402 519 soles,
433 449 642 513 Catule
672 451 821 511 ‘non
848 450 1053 512 rebar'
1085 459 1187 513 aut
1212 450 1598 532 ‘opinabar3’
1631 460 1694 514 et
1721 453 1833 516 alia
1863 453 2067 526 multa,
2097 456 2315 536 quibus
2343 458 2480 520 loeo

219 537 436 616 positis
465 534 754 614 grandior
782 542 959 616 atque
989 538 1290 616 antiquior
1319 538 1510 598 oratio
1551 556 1731 619 saepe
1772 538 1961 600 videri
2001 540 2172 603 solet.
2243 542 2479 605 Novan-
2509 554 2614 608 154

224 630 326 683 tur
357 628 557 682 autem
586 618 789 698 verba,
821 638 975 701 quae
1005 620 1081 681 ab
1111 639 1202 690 eo,
1235 623 1338 701 qui
1370 620 1531 691 dicit,
1563 624 1694 702 ipso
1726 625 2056 702 gignuntur
2084 643 2153 686 ac
2182 626 2352 698 flunt,
2384 628 2507 689 vel·

225 705 662 784 coniungendis
688 704 909 776 verbis,
941 713 1008 766 ut
1035 707 1212 766 haee:

311 806 468 867 Τιἰιιι
495 823 680 887 pavor
709 806 1063 885 sapientiam
1095 824 1335 867 omnem
1364 808 1449 867 mi
1485 807 1820 870 exanImato
1852 811 2219 889 expectorat.

311 892 404 952 An
433 891 554 951 non
588 891 803 952 novisti
831 891 1009 952 huius
1037 890 1472 972 versutiloquas
1501 890 1759 954 malitias
1793 939 1975 965 ......

221 990 442 1052 videtis
472 994 632 1052 enim
663 997 724 1051 et
753 989 1233 1070 ‘versutiloquas’
1267 999 1327 1052 et
1349 993 1746 1073 ‘expectorat’
1777 1012 1850 1055 ex
1874 995 2292 1056 coniunctione
2321 996 2480 1059 facta

223 1094 359 1137 esse
390 1077 588 1147 verba,
621 1093 745 1136 non
767 1082 932 1144 nata3
964 1074 1058 1135 vel
1079 1094 1257 1156 saepe
1279 1078 1407 1137 sine
1432 1079 1850 1139 conIunctione
1874 1077 2056 1140 verba
2079 1087 2386 1154 novantur,
2411 1090 2481 1143 ut

219 1158 329 1222 ille
354 1163 581 1222 ‘senius
607 1160 910 1229 disertus,'
933 1167 1000 1221 ut
1025 1160 1112 1221 ‘di
1136 1159 1468 1240 genitales?
1493 1169 1560 1223 ut
1582 1161 1889 1224 ‘bacarum
1910 1162 2184 1225 ubertate
2205 1166 2480 1227 incurve-

292 1364 476 1427 proles
498 1376 552 1410 u.
577 1360 797 1419 suboles,
832 1359 914 1410 fin·
936 1361 1104 1426 liberi,
1127 1363 1196 1413 ist
1219 1364 1303 1421 bei

225 1427 475 1480 Dichtern
501 1428 623 1478 sehr
643 1426 982 1494 gewohnlieh‚
1006 1429 1089 1479 fiir
1111 1445 1303 1497 proge-

222 1498 346 1547 nies
370 1496 499 1547 auch
524 1497 609 1545 bei
635 1496 963 1547 Prosaikern'.

291 1566 411 1629 fari
452 1572 542 1614 aut
587 1580 909 1629 nuncupare,
958 1563 1089 1613 nach
1111 1562 1297 1624 'Quian

221 1634 352 1684 VIII
376 1631 426 1694 3,
449 1641 500 1681 27
537 1632 798 1691 Quaedam
822 1642 991 1681 tamen
1016 1632 1184 1683 adhue
1208 1649 1298 1683 ve-

220 1710 341 1751 tera
385 1708 643 1750 vetustate
698 1700 816 1765 ipsa
872 1701 1069 1764 gratius
1119 1702 1297 1760 nitent,

224 1768 486 1834 quaedam
534 1775 585 1816 et
624 1769 916 1818 necessario
961 1768 1163 1818 interim
1211 1784 1300 1819 su-

222 1844 467 1898 muntur,
517 1849 814 1900 nuncupare
849 1843 899 1884 et
929 1834 1026 1885 fari
1062 1836 1174 1901 (die
1206 1837 1299 1887 Hs.

220 1905 399 1955 haben
447 1904 599 1953 meist
645 1902 789 1952 effari
833 1912 922 1952 aut
967 1905 1296 1970 nuncupari).

222 1986 559 2035 mucupare,
595 1972 616 2019 I
641 1969 733 2028 57,
770 1977 864 2019 245.
934 1971 1001 2020 de
1022 1981 1127 2021 nat.
1155 1973 1297 2023 deor.

222 2042 274 2092 11
299 2037 387 2100 25,
413 2046 467 2089 65
491 2037 597 2087 und
622 2037 743 2088 sehr
766 2037 840 2089 oft
863 2038 943 2087 bei
966 2039 1162 2091 Livius.

297 2122 404 2157 non
435 2107 620 2168 rebar,
671 2104 755 2154 fiir
785 2119 889 2154 non
923 2107 1300 2170 existimabam,

222 2176 329 2225 wie
364 2189 420 2223 es
456 2173 560 2224 Cic.
595 2174 729 2223 oben
764 2170 796 2240 S
829 2171 898 2222 82
944 2175 1075 2224 eben
1107 2190 1298 2226 unsern

227 2241 447 2295 Catulus
494 2241 654 2304 (doeh
703 2241 838 2291 ohne
885 2240 970 2291 die
1018 2241 1300 2307 Negation)

224 2309 491 2362 brauehen
511 2309 654 2373 lasst,
676 2310 849 2370 Quint.
863 2309 981 2360 VIII
1000 2309 1050 2372 3,
1070 2319 1122 2361 26
1146 2309 1297 2362 ‘reor’

222 2378 516 2431 tolerabile.

296 2461 404 2497 non
428 2446 711 2510 opinabar,
745 2445 842 2494 wie
877 2460 934 2495 es
965 2444 1100 2496 noch
1132 2446 1298 2499 Plaut.

224 2515 375 2565 Pera.
403 2512 533 2574 113,
570 2522 596 2562 5
642 2511 839 2577 (neque
871 2512 1148 2579 opinabar)
1194 2514 1299 2577 hat,

225 2583 339 2648 galt
372 2581 480 2631 also
516 2582 567 2630 in
605 2581 772 2630 dieser
796 2581 945 2631 Form
980 2598 1046 2632 zu
1082 2582 1299 2633 Crassus

228 2651 410 2700 Zeiten
438 2651 514 2699 als
541 2649 843 2698 unmodern.

299 2722 432 2775 loco,
457 2716 699 2767 dasselbe
719 2731 826 2766 was
848 2717 900 2765 in
919 2716 1032 2766 loco
1054 2717 1182 2767 oder
1203 2732 1299 2768 suo

226 2786 376 2848 loeo,
410 2785 551 2834 Brut.
578 2783 671 2847 79,
708 2792 785 2833 274
819 2784 1018 2834 nullum
1042 2784 1299 2847 (verbum)

227 2854 337 2904 nisi
383 2853 497 2903 loeo
542 2854 788 2918 positum.
858 2852 941 2903 Or.

229 2920 450 2973 Schultz
475 2918 506 2986 S
530 2919 633 2970 295
657 2921 720 2969 A.
748 2919 798 2969 1.

302 2997 398 3039 154.
437 2990 728 3045 Novantur,
753 2988 873 3037 Hor.
901 2989 965 3036 A.
992 2987 1050 3037 P.
1075 2986 1145 3037 46
1169 2989 1221 3040 ff.

309 3057 432 3106 Tum
444 3072 629 3121 pavor,
649 3056 682 3117 S
697 3053 801 3105 218
817 3056 1061 3119 ff.,'I'uso.
1074 3057 1143 3105 IV
1160 3054 1210 3118 8,
1233 3065 1299 3106 19.

228 3125 337 3176 Der
344 3125 477 3174 Vers
487 3124 593 3186 (ein
614 3133 729 3173 tetr.
743 3125 905 3173 trocb.
916 3133 1018 3176 eat.
1029 3121 1166 3190 wieS
1181 3122 1302 3186 102)

230 3194 305 3244 ist
351 3206 446 3241 aus
496 3191 613 3240 dem
645 3191 926 3241 Aleumaeo
975 3192 1068 3241 des
1103 3192 1301 3242 Ennius

230 3259 498 3326 (Ribbeck
533 3274 586 3324 p.
614 3256 699 3307 15.
767 3256 967 3307 Vahlen
1000 3259 1129 3307 Enn.
1156 3273 1300 3324 poes.

229 3329 328 3378 rel.
358 3341 414 3394 p.
436 3323 550 3389 96).
620 3327 949 3404 sapientiam,
982 3325 1302 3391 Besinnung.

232 3399 564 3514 {fitam
585 3393 1302 3511 Sazsffdt'ffitzffssssff:

230 3541 311 3581 ter
333 3529 648 3596 gebrauchte
672 3529 870 3593 evitari,
893 3530 926 3592 S
949 3528 1052 3578 217
1076 3543 1124 3578 a.
1152 3530 1211 3579 E.

290 3600 382 3649 An
398 3615 501 3649 non
522 3606 638 3660 etc„
658 3597 755 3646 wie
765 3597 991 3647 Ribbeck
1007 3612 1060 3662 p.
1081 3596 1183 3646 214
1201 3597 1301 3646 den

230 3664 557 3732 jambisehen
603 3665 766 3715 Senar
807 3664 1143 3730 gesehrieben
1194 3664 1301 3716 hat.

235 3735 339 3784 Der
362 3735 597 3794 Versist
618 3732 1041 3783 wahrseheinlieh
1064 3748 1161 3784 aus
1184 3734 1302 3783 dem

236 3803 509 3851 Armorum
555 3801 800 3851 iudicium
850 3791 905 3866 (ἦ
954 3799 1068 3852 τῶν
1112 3790 1303 3853 ὅπλων

235 3868 445 3934 κρίσις)
458 3871 551 3919 des
563 3870 751 3918 Accius
772 3870 1193 3987 entnommezzw
1194 3878 1305 3919 orte

238 3939 332 3988 des
367 3938 493 4001 Ajas
545 3939 668 3987 fiber
700 3936 962 4000 Odyssens
1005 3939 1095 3986 riin
1137 3938 1304 3987 evene

240 4004 561 4063 Schlauheit,
599 4005 681 4054 die
714 4005 819 4053 ihm
839 4005 896 4068 ja
920 4005 1052 4056 auch
1074 4005 1303 4055 wirklich

240 4072 341 4122 den
386 4072 647 4137 gehofften
681 4070 1000 4138 Siegespreis
1015 4112 1030 4136 ,
1077 4073 1303 4123 Achilles

240 4140 681 4205 Waffenrt'istung,
705 4141 908 4190 entrIss.
944 4141 1037 4191 Die
1059 4140 1304 4206 gewohnz

240 4207 375 4260 liehe
397 4209 578 4259 Lesart
598 4210 691 4260 ist:
743 4223 866 4259 num
901 4223 1004 4258 non
1035 4211 1116 4259 vis
1149 4208 1304 4259 huius

977 2861 1111 2918 part.
1148 2852 1206 2913 3,
1255 2848 1311 2904 8.

1404 1375 1488 1409 me
1516 1362 1899 1442 yersutiloquas
1933 1364 2181 1429 malitias,
2232 1377 2365 1420 etwa
2396 1384 2477 1421 sc.

1401 1444 1605 1494 punire.

1470 1499 1866 1563 versutiloquas,
1892 1499 1989 1546 wie
2011 1498 2140 1564 Ajas
2165 1500 2344 1552 diesen
2368 1504 2476 1553 sei-

1404 1579 1504 1613 nen
1529 1564 1828 1614 verbassten
1853 1562 2056 1630 Gegn‘er
2089 1568 2174 1617 bei
2198 1567 2359 1634 Soph.
2385 1572 2472 1623 Ai.

1405 1630 1506 1682 103
1550 1628 1616 1682 τὸ
1665 1623 1999 1697 ἐπίτριπτον
2052 1631 2323 1701 κίναδος,
2375 1636 2476 1687 104

1400 1689 1679 1750 ἁπάντων
1700 1691 1795 1751 ἀεὶ
1819 1699 2015 1751 κακῶν
2032 1691 2284 1768 ὄργανον
2299 1719 2477 1755 κακο-

1400 1760 1748 1845 πιγέστατόν
1772 1758 1826 1818 τ’
1852 1758 2052 1847 ᾄλημα
2076 1768 2345 1837 στρατοῦ,
2368 1771 2469 1822 431

1403 1850 1526 1899 φως
1548 1849 1909 1900 παντουργος
1944 1831 2162 1901 φρένας
2198 1846 2376 1891 neunt.
2405 1866 2473 1877 —

1400 1903 1533 1952 Was
1580 1902 1664 1952 die
1702 1914 1887 1953 orator.
1923 1906 2265 1971 Anwendung
2298 1907 2473 1957 dieses

1400 1971 1580 2020 Worts
1627 1971 1842 2032 betrifl't,
1890 1985 1949 2021 so
1985 1974 2188 2023 aussert
2219 1974 2336 2024 sich
2368 1974 2474 2028 Cio.

1404 2037 1491 2088 Or.
1510 2036 1595 2099 49,
1617 2046 1694 2087 164
1716 2039 1935 2089 darfiber
1949 2053 2037 2088 so:
2065 2054 2224 2101 quare
2248 2042 2474 2092 bonitate

1399 2105 1577 2171 potius
1618 2116 1907 2156 nostrorum
1945 2108 2214 2157 verborum
2247 2117 2472 2173 utamur,

1402 2187 1556 2235 quam
1574 2174 1849 2239 splendore
1859 2173 2169 2224 Graecorum
2189 2202 2254 2213 —
2272 2179 2469 2243 asperi—

1400 2248 1663 2302 tatemque
1694 2241 1957 2306 fugiamus
1990 2267 2060 2279 —-·
2091 2244 2473 2307 versutiloquas

1402 2308 1641 2359 malitias·
1779 2305 1796 2313 ⁶

1464 2378 1635 2439 sacta,
1684 2391 1786 2425 neu
1820 2376 2071 2442 gebildet,
2105 2374 2138 2444 S
2177 2376 2302 2442 167,
2342 2377 2472 2438 1843

1403 2445 1450 2493 11
1474 2443 1522 2502 9,
1547 2452 1623 2504 363
1650 2443 1734 2495 Or.
1752 2443 1837 2507 20,
1860 2453 1912 2493 68
1937 2459 2033 2509 ego
2054 2455 2243 2509 autem,
2269 2448 2473 2498 etiamsi

1401 2512 1723 2575 quorundam
1746 2512 1955 2576 grandis
1991 2523 2040 2562 et
2064 2523 2242 2563 ornata
2265 2529 2367 2566 vox
2393 2526 2473 2566 est

1400 2589 1694 2644 poetarum,
1732 2588 1902 2629 tamen
1937 2581 1990 2629 in
2015 2595 2075 2629 ea
2111 2604 2176 2615 ·—
2211 2581 2471 2633 licentiam

1401 2655 1573 2697 statuo
1604 2648 1844 2696 maiorem
1880 2662 1995 2697 esse
2040 2662 2194 2710 quarn
2229 2650 2280 2698 in
2319 2652 2470 2701 nobis

1398 2714 1751 2765 faciendorum
1786 2716 2263 2780 iungendorumque
2284 2720 2472 2768 verbo·-

1400 2798 1534 2832 rum.
1594 2781 1678 2832 Or.
1703 2790 1835 2848 part.
1859 2781 1945 2844 21,
1971 2792 2022 2832 72
2045 2794 2101 2833 ut
2124 2783 2273 2835 factis
2296 2786 2470 2836 verbis

1401 2859 1491 2899 aut
1513 2850 1755 2909 vetustis,
1782 2858 1870 2899 aut
1891 2851 2152 2901 translatis
2172 2850 2476 2916 frequenter.

1401 2926 1635 2978 utamur;
1669 2918 1794 2969 ibid.
1818 2918 1868 2980 5,
1895 2927 1946 2968 16
1978 2919 2096 2969 sind
2118 2921 2275 2970 verba
2298 2923 2472 2972 nativa

1401 2986 1506 3035 und
1532 2995 1734 3052 reperta
1757 2994 2227 3051 entgegengesetzt.

1471 3061 1529 3103 ut
1549 3055 1634 3104 ille
1656 3056 1829 3104 senam
1846 3056 2097 3111 disertus,
2122 3055 2465 3107 wabrsohe'm-

1402 3120 1504 3171 lieh
1523 3135 1617 3171 aus
1629 3122 1826 3170 Ennius
1845 3121 2065 3173 Satiren.
2093 3122 2311 3174 Crassus
2329 3124 2471 3174 fiihrt

1404 3203 1505 3239 von
1517 3189 1634 3239 dem
1652 3189 1848 3238 anchin
1861 3189 2471 3253 sprachgesohiehtlieher

1402 3255 1703 3321 Beziehung
1725 3255 2238 3322 epochemachenden
2261 3258 2471 3308 Dichter

1401 3324 1600 3374 Ennius
1632 3324 1745 3374 drei
1771 3323 2022 3388 Beispiele
2058 3339 2157 3375 neu
2189 3326 2472 3389 gebildeter

1402 3392 1612 3443 Worter
1644 3406 1712 3441 an
1747 3393 1855 3441 und
1887 3405 2023 3440 zwar
2045 3401 2150 3441 erst
2173 3393 2316 3443 eines
2341 3395 2466 3444 sub-

1403 3461 1652 3521 suntin,
1699 3458 1837 3509 daun
1884 3459 2027 3509 eines
2074 3460 2326 3524 adjective
2359 3462 2469 3512 und

1398 3528 1619 3577 drittens
1644 3528 1786 3577 eines
1808 3528 1979 3580 verbs.
2036 3527 2139 3577 Das
2164 3537 2299 3579 erste
2322 3529 2476 3579 Wort

1402 3595 1473 3645 ist
1503 3596 1599 3645 das
1633 3599 1809 3660 spiter
1841 3594 1973 3644 noch
2010 3609 2110 3645 von
2145 3596 2342 3647 Terens
2373 3613 2471 3663 ge—

1403 3663 1648 3714 brauchte
1698 3665 1868 3713 senius
1913 3661 2073 3727 (Eun.
2119 3665 2163 3713 11
2208 3663 2268 3727 3,
2317 3675 2366 3715 ιι
2414 3673 2475 3715 ut

1400 3732 1545 3782 illum
1570 3731 1625 3780 di
1647 3731 1875 3794 deaeque
1896 3733 2087 3781 senium
2108 3733 2349 3798 perdant,
2383 3734 2473 3794 qui

1403 3798 1562 3849 hodie
1584 3813 1667 3848 me
1693 3807 1975 3848 remoratus
2011 3798 2141 3862 esth
2174 3800 2261 3849 ille
2291 3800 2472 3850 senius

1404 3867 1628 3917 disertus
1673 3866 1783 3916 also
1828 3867 1920 3914 der
1948 3866 2322 3931 gesehwitzige
2352 3867 2472 3916 Alte

1405 3931 1669 4000 (garrulus
1688 3931 1904 3996 senex);
1933 3960 1999 3970 -
2021 3935 2109 3983 ille
2133 3933 2236 3983 fast
2257 3935 2354 3983 wie
2379 3936 2473 3985 der

1404 4002 1644 4053 bestimte
1676 4001 1874 4051 Artikel
1910 4002 1957 4051 11
1989 4000 2084 4064 46,
2124 4009 2199 4052 19³
2233 4029 2298 4039 —
2333 4017 2379 4053 s.
2413 4003 2468 4053 d.

1403 4071 1524 4120 krit.
1548 4068 1786 4133 Anhang.

1472 4139 1530 4189 dc·
1541 4139 1794 4202 genitales
1815 4136 1883 4186 ist
1899 4149 1995 4186 aus
2005 4136 2203 4187 Ennius
2213 4137 2470 4199 Annalen,

1403 4222 1501 4258 aus
1525 4207 1696 4257 einem
1712 4205 1863 4270 Vero,
1886 4205 1989 4256 den
2006 4203 2221 4257 Servius
2245 4207 2471 4272 suVirg.
