<?xml version="1.0" encoding="UTF-8"?>
<!DOCTYPE html PUBLIC "-//W3C//DTD XHTML 1.0 Transitional//EN"
    "http://www.w3.org/TR/xhtml1/DTD/xhtml1-transitional.dtd">
<html xmlns="http://www.w3.org/1999/xhtml" xml:lang="en" lang="en">
 <head>
  <title>
</title>
<meta http-equiv="Content-Type" content="text/html;charset=utf-8" />
  <meta name='ocr-system' content='tesseract 3.04.00' />
  <meta name='ocr-capabilities' content='ocr_page ocr_carea ocr_par ocr_line ocrx_word'/>
</head>
<body>
  <div class='ocr_page' id='page_1' title='image "./deoratore00pidegoog_0200.png"; bbox 0 0 2930 4693; ppageno 0'>
   <div class='ocr_carea' id='block_1_1' title="bbox 296 202 2667 2745">
    <p class='ocr_par' dir='ltr' id='par_1_1' title="bbox 434 202 2667 878">
     <span class='ocr_line' id='line_1_1' title="bbox 435 202 2062 271; baseline -0.006 0"><span class='ocrx_word' id='word_1_1' title='bbox 435 208 557 271; x_wconf 82' lang='lat'>132</span> <span class='ocrx_word' id='word_1_2' title='bbox 1028 203 1126 265; x_wconf 84' lang='lat' dir='ltr'>DE</span> <span class='ocrx_word' id='word_1_3' title='bbox 1156 202 1512 265; x_wconf 82' lang='lat' dir='ltr'><strong>ORATORE</strong></span> <span class='ocrx_word' id='word_1_4' title='bbox 1547 202 1598 263; x_wconf 91' lang='lat'>11</span> <span class='ocrx_word' id='word_1_5' title='bbox 1631 202 1709 264; x_wconf 84' lang='lat'>25</span> <span class='ocrx_word' id='word_1_6' title='bbox 1755 206 2062 262; x_wconf 71' lang='lat'>1060-109,</span> 
     </span>
     <span class='ocr_line' id='line_1_2' title="bbox 434 371 2666 455; baseline 0 -21"><span class='ocrx_word' id='word_1_7' title='bbox 434 381 571 435; x_wconf 88' lang='lat' dir='ltr'>sunt</span> <span class='ocrx_word' id='word_1_8' title='bbox 621 374 932 435; x_wconf 90' lang='lat' dir='ltr'>criminum</span> <span class='ocrx_word' id='word_1_9' title='bbox 953 422 968 445; x_wconf 88' lang='lat'>,</span> <span class='ocrx_word' id='word_1_10' title='bbox 1019 372 1370 455; x_wconf 87' lang='lat' dir='ltr'>plerumque</span> <span class='ocrx_word' id='word_1_11' title='bbox 1409 372 1762 434; x_wconf 73' lang='lat' dir='ltr'>infitian&#39;one</span> <span class='ocrx_word' id='word_1_12' title='bbox 1799 371 2215 434; x_wconf 80' lang='lat' dir='ltr'>defenduntur.</span> <span class='ocrx_word' id='word_1_13' title='bbox 2293 372 2443 435; x_wconf 88' lang='lat' dir='ltr'>Nam</span> <span class='ocrx_word' id='word_1_14' title='bbox 2482 380 2544 434; x_wconf 92' lang='lat' dir='ltr'>et</span> <span class='ocrx_word' id='word_1_15' title='bbox 2583 373 2666 435; x_wconf 87' lang='lat' dir='ltr'>de</span> 
     </span>
     <span class='ocr_line' id='line_1_3' title="bbox 438 457 2665 540; baseline -0 -20"><span class='ocrx_word' id='word_1_16' title='bbox 438 459 707 540; x_wconf 89' lang='lat' dir='ltr'>pecuniis</span> <span class='ocrx_word' id='word_1_17' title='bbox 737 459 1098 540; x_wconf 76' lang='lat' dir='ltr'>repetundiS,</span> <span class='ocrx_word' id='word_1_18' title='bbox 1131 477 1281 540; x_wconf 86' lang='lat' dir='ltr'>quae</span> <span class='ocrx_word' id='word_1_19' title='bbox 1311 458 1600 519; x_wconf 88' lang='lat' dir='ltr'>maximae</span> <span class='ocrx_word' id='word_1_20' title='bbox 1630 465 1785 527; x_wconf 87' lang='lat' dir='ltr'>sunt,</span> <span class='ocrx_word' id='word_1_21' title='bbox 1818 458 2088 537; x_wconf 81' lang='lat' dir='ltr'>neganda</span> <span class='ocrx_word' id='word_1_22' title='bbox 2119 457 2243 519; x_wconf 80' lang='lat' dir='ltr'>fere</span> <span class='ocrx_word' id='word_1_23' title='bbox 2273 465 2411 521; x_wconf 89' lang='lat' dir='ltr'>sunt</span> <span class='ocrx_word' id='word_1_24' title='bbox 2440 462 2665 529; x_wconf 90' lang='lat' dir='ltr'>omnia,</span> 
     </span>
     <span class='ocr_line' id='line_1_4' title="bbox 441 542 2665 624; baseline -0 -19"><span class='ocrx_word' id='word_1_25' title='bbox 441 552 501 605; x_wconf 87' lang='lat' dir='ltr'>et</span> <span class='ocrx_word' id='word_1_26' title='bbox 528 544 602 605; x_wconf 90' lang='lat' dir='ltr'>de</span> <span class='ocrx_word' id='word_1_27' title='bbox 630 542 853 608; x_wconf 88' lang='lat' dir='ltr'>ambitu</span> <span class='ocrx_word' id='word_1_28' title='bbox 883 562 1020 605; x_wconf 88' lang='lat' dir='ltr'>raro</span> <span class='ocrx_word' id='word_1_29' title='bbox 1063 542 1207 605; x_wconf 91' lang='lat' dir='ltr'>illud</span> <span class='ocrx_word' id='word_1_30' title='bbox 1251 543 1451 612; x_wconf 90' lang='lat' dir='ltr'>datur,</span> <span class='ocrx_word' id='word_1_31' title='bbox 1506 551 1574 603; x_wconf 90' lang='lat' dir='ltr'>ut</span> <span class='ocrx_word' id='word_1_32' title='bbox 1613 543 1805 623; x_wconf 87' lang='lat' dir='ltr'>possis</span> <span class='ocrx_word' id='word_1_33' title='bbox 1844 542 2259 604; x_wconf 80' lang='lat' dir='ltr'>liberalitatem</span> <span class='ocrx_word' id='word_1_34' title='bbox 2288 550 2464 624; x_wconf 87' lang='lat' dir='ltr'>atque</span> <span class='ocrx_word' id='word_1_35' title='bbox 2487 543 2665 604; x_wconf 87' lang='lat' dir='ltr'>beni-</span> 
     </span>
     <span class='ocr_line' id='line_1_5' title="bbox 440 627 2663 709; baseline -0.001 -19"><span class='ocrx_word' id='word_1_36' title='bbox 440 631 723 707; x_wconf 84' lang='lat' dir='ltr'>gnitatem</span> <span class='ocrx_word' id='word_1_37' title='bbox 772 628 848 690; x_wconf 89' lang='lat' dir='ltr'>ab</span> <span class='ocrx_word' id='word_1_38' title='bbox 890 628 1113 690; x_wconf 88' lang='lat' dir='ltr'>ambitu</span> <span class='ocrx_word' id='word_1_39' title='bbox 1156 635 1331 709; x_wconf 90' lang='lat' dir='ltr'>atque</span> <span class='ocrx_word' id='word_1_40' title='bbox 1372 627 1685 706; x_wconf 81' lang='lat' dir='ltr'><strong>largitione</strong></span> <span class='ocrx_word' id='word_1_41' title='bbox 1726 628 2056 707; x_wconf 81' lang='lat' dir='ltr'>seiungere.</span> <span class='ocrx_word' id='word_1_42' title='bbox 2140 629 2224 689; x_wconf 91' lang='lat' dir='ltr'>De</span> <span class='ocrx_word' id='word_1_43' title='bbox 2267 628 2525 697; x_wconf 88' lang='lat' dir='ltr'>sicariis,</span> <span class='ocrx_word' id='word_1_44' title='bbox 2583 628 2663 688; x_wconf 89' lang='lat' dir='ltr'>de</span> 
     </span>
     <span class='ocr_line' id='line_1_6' title="bbox 437 712 2667 794; baseline 0 -21"><span class='ocrx_word' id='word_1_45' title='bbox 437 714 765 784; x_wconf 78' lang='lat' dir='ltr'>veneficiis„</span> <span class='ocrx_word' id='word_1_46' title='bbox 819 713 892 774; x_wconf 94' lang='lat' dir='ltr'>de</span> <span class='ocrx_word' id='word_1_47' title='bbox 942 712 1218 794; x_wconf 78' lang='lat' dir='ltr'>peculatu</span> <span class='ocrx_word' id='word_1_48' title='bbox 1269 712 1509 774; x_wconf 81' lang='lat' dir='ltr'>infitiari</span> <span class='ocrx_word' id='word_1_49' title='bbox 1551 730 1793 774; x_wconf 88' lang='lat' dir='ltr'>necesse</span> <span class='ocrx_word' id='word_1_50' title='bbox 1835 720 1940 773; x_wconf 89' lang='lat' dir='ltr'>est.</span> <span class='ocrx_word' id='word_1_51' title='bbox 2022 712 2088 774; x_wconf 89' lang='lat' dir='ltr'>ld</span> <span class='ocrx_word' id='word_1_52' title='bbox 2131 720 2220 774; x_wconf 89' lang='lat' dir='ltr'>est</span> <span class='ocrx_word' id='word_1_53' title='bbox 2261 714 2443 791; x_wconf 84' lang='lat' dir='ltr'>igitur</span> <span class='ocrx_word' id='word_1_54' title='bbox 2472 731 2667 791; x_wconf 83' lang='lat' dir='ltr'>genus</span> 
     </span>
     <span class='ocr_line' id='line_1_7' title="bbox 436 796 2665 878; baseline -0.001 -18"><span class='ocrx_word' id='word_1_55' title='bbox 436 799 695 878; x_wconf 89' lang='lat' dir='ltr'>primum</span> <span class='ocrx_word' id='word_1_56' title='bbox 726 816 1036 859; x_wconf 89' lang='lat' dir='ltr'>causarum</span> <span class='ocrx_word' id='word_1_57' title='bbox 1078 799 1140 860; x_wconf 91' lang='lat' dir='ltr'>in</span> <span class='ocrx_word' id='word_1_58' title='bbox 1178 797 1410 859; x_wconf 91' lang='lat' dir='ltr'>iudiciis</span> <span class='ocrx_word' id='word_1_59' title='bbox 1439 815 1513 857; x_wconf 83' lang='lat' dir='ltr'>ex</span> <span class='ocrx_word' id='word_1_60' title='bbox 1543 799 1943 859; x_wconf 89' lang='lat' dir='ltr'>controversia</span> <span class='ocrx_word' id='word_1_61' title='bbox 1976 797 2142 868; x_wconf 80' lang='lat' dir='ltr'>facti;</span> <span class='ocrx_word' id='word_1_62' title='bbox 2186 799 2249 859; x_wconf 90' lang='lat' dir='ltr'>in</span> <span class='ocrx_word' id='word_1_63' title='bbox 2280 796 2665 859; x_wconf 90' lang='lat' dir='ltr'>deliberatio-</span> 
     </span>
    </p>

    <p class='ocr_par' dir='ltr' id='par_1_2' title="bbox 296 882 2666 1558">
     <span class='ocr_line' id='line_1_8' title="bbox 296 882 2661 963; baseline -0.001 -19"><span class='ocrx_word' id='word_1_64' title='bbox 296 885 396 937; x_wconf 85' lang='lat'>106</span> <span class='ocrx_word' id='word_1_65' title='bbox 430 884 605 944; x_wconf 89' lang='lat' dir='ltr'>nibus</span> <span class='ocrx_word' id='word_1_66' title='bbox 633 883 983 963; x_wconf 88' lang='lat' dir='ltr'>plerumque</span> <span class='ocrx_word' id='word_1_67' title='bbox 1015 901 1084 943; x_wconf 85' lang='lat' dir='ltr'>ex</span> <span class='ocrx_word' id='word_1_68' title='bbox 1115 883 1317 953; x_wconf 86' lang='lat' dir='ltr'>futuri,</span> <span class='ocrx_word' id='word_1_69' title='bbox 1349 899 1488 944; x_wconf 94' lang='lat' dir='ltr'>raro</span> <span class='ocrx_word' id='word_1_70' title='bbox 1519 900 1593 943; x_wconf 86' lang='lat' dir='ltr'>ex</span> <span class='ocrx_word' id='word_1_71' title='bbox 1619 883 1892 943; x_wconf 88' lang='lat' dir='ltr'>instantis</span> <span class='ocrx_word' id='word_1_72' title='bbox 1916 891 2017 944; x_wconf 85' lang='lat' dir='ltr'>aut</span> <span class='ocrx_word' id='word_1_73' title='bbox 2043 882 2201 944; x_wconf 85' lang='lat' dir='ltr'>facti.</span> <span class='ocrx_word' id='word_1_74' title='bbox 2260 883 2450 962; x_wconf 80' lang='lat' dir='ltr'>Saepe</span> <span class='ocrx_word' id='word_1_75' title='bbox 2480 884 2661 943; x_wconf 89' lang='lat' dir='ltr'>etiam</span> 
     </span>
     <span class='ocr_line' id='line_1_9' title="bbox 431 966 2661 1047; baseline -0.001 -18"><span class='ocrx_word' id='word_1_76' title='bbox 431 986 531 1029; x_wconf 90' lang='lat' dir='ltr'>res</span> <span class='ocrx_word' id='word_1_77' title='bbox 560 986 681 1029; x_wconf 91' lang='lat' dir='ltr'>non</span> <span class='ocrx_word' id='word_1_78' title='bbox 710 969 787 1028; x_wconf 91' lang='lat' dir='ltr'>sit</span> <span class='ocrx_word' id='word_1_79' title='bbox 816 985 1035 1037; x_wconf 88' lang='lat' dir='ltr'>necne,</span> <span class='ocrx_word' id='word_1_80' title='bbox 1084 967 1189 1028; x_wconf 90' lang='lat' dir='ltr'>sed</span> <span class='ocrx_word' id='word_1_81' title='bbox 1217 966 1406 1047; x_wconf 87' lang='lat' dir='ltr'>qualis</span> <span class='ocrx_word' id='word_1_82' title='bbox 1435 968 1512 1027; x_wconf 91' lang='lat' dir='ltr'>sit</span> <span class='ocrx_word' id='word_1_83' title='bbox 1540 968 1873 1046; x_wconf 87' lang='lat' dir='ltr'>quaeritur;</span> <span class='ocrx_word' id='word_1_84' title='bbox 1905 974 1971 1029; x_wconf 92' lang='lat' dir='ltr'>ut</span> <span class='ocrx_word' id='word_1_85' title='bbox 1999 985 2135 1028; x_wconf 91' lang='lat' dir='ltr'>cum</span> <span class='ocrx_word' id='word_1_86' title='bbox 2165 967 2231 1027; x_wconf 93' lang='lat' dir='ltr'>L.</span> <span class='ocrx_word' id='word_1_87' title='bbox 2266 967 2485 1047; x_wconf 86' lang='lat' dir='ltr'><strong>Opimii</strong></span> <span class='ocrx_word' id='word_1_88' title='bbox 2515 984 2661 1027; x_wconf 88' lang='lat' dir='ltr'>cau-</span> 
     </span>
     <span class='ocr_line' id='line_1_10' title="bbox 430 1050 2665 1133; baseline -0.001 -19"><span class='ocrx_word' id='word_1_89' title='bbox 430 1072 557 1115; x_wconf 88' lang='lat' dir='ltr'>sam</span> <span class='ocrx_word' id='word_1_90' title='bbox 589 1051 945 1113; x_wconf 86' lang='lat' dir='ltr'>defendebat</span> <span class='ocrx_word' id='word_1_91' title='bbox 967 1052 1123 1132; x_wconf 91' lang='lat' dir='ltr'>apud</span> <span class='ocrx_word' id='word_1_92' title='bbox 1151 1050 1455 1133; x_wconf 85' lang='lat' dir='ltr'>populum,</span> <span class='ocrx_word' id='word_1_93' title='bbox 1489 1052 1762 1113; x_wconf 84' lang='lat' dir='ltr'>audiente</span> <span class='ocrx_word' id='word_1_94' title='bbox 1791 1070 1906 1122; x_wconf 90' lang='lat' dir='ltr'>me,</span> <span class='ocrx_word' id='word_1_95' title='bbox 1939 1053 2002 1114; x_wconf 89' lang='lat' dir='ltr'>C.</span> <span class='ocrx_word' id='word_1_96' title='bbox 2026 1051 2218 1113; x_wconf 84' lang='lat' dir='ltr'>Carbo</span> <span class='ocrx_word' id='word_1_97' title='bbox 2248 1051 2472 1122; x_wconf 88' lang='lat' dir='ltr'>consul,</span> <span class='ocrx_word' id='word_1_98' title='bbox 2506 1051 2665 1112; x_wconf 89' lang='lat' dir='ltr'>nihil</span> 
     </span>
     <span class='ocr_line' id='line_1_11' title="bbox 433 1136 2662 1216; baseline -0.001 -17"><span class='ocrx_word' id='word_1_99' title='bbox 433 1138 507 1199; x_wconf 93' lang='lat' dir='ltr'>de</span> <span class='ocrx_word' id='word_1_100' title='bbox 538 1139 600 1200; x_wconf 93' lang='lat' dir='ltr'>C.</span> <span class='ocrx_word' id='word_1_101' title='bbox 638 1136 893 1198; x_wconf 83' lang='lat' dir='ltr'><strong>Gracchi</strong></span> <span class='ocrx_word' id='word_1_102' title='bbox 923 1155 1071 1198; x_wconf 87' lang='lat' dir='ltr'>nece</span> <span class='ocrx_word' id='word_1_103' title='bbox 1101 1136 1383 1216; x_wconf 87' lang='lat' dir='ltr'>negabat,</span> <span class='ocrx_word' id='word_1_104' title='bbox 1436 1136 1539 1198; x_wconf 88' lang='lat' dir='ltr'>sed</span> <span class='ocrx_word' id='word_1_105' title='bbox 1570 1137 1628 1197; x_wconf 92' lang='lat' dir='ltr'>id</span> <span class='ocrx_word' id='word_1_106' title='bbox 1660 1139 1791 1198; x_wconf 90' lang='lat' dir='ltr'>iure</span> <span class='ocrx_word' id='word_1_107' title='bbox 1818 1155 1930 1216; x_wconf 93' lang='lat' dir='ltr'>pro</span> <span class='ocrx_word' id='word_1_108' title='bbox 1961 1136 2147 1197; x_wconf 89' lang='lat' dir='ltr'>salute</span> <span class='ocrx_word' id='word_1_109' title='bbox 2175 1138 2404 1216; x_wconf 78' lang='lat' dir='ltr'>patriae</span> <span class='ocrx_word' id='word_1_110' title='bbox 2435 1136 2662 1197; x_wconf 79' lang='lat' dir='ltr'>factum</span> 
     </span>
     <span class='ocr_line' id='line_1_12' title="bbox 432 1219 2662 1300; baseline -0 -18"><span class='ocrx_word' id='word_1_111' title='bbox 432 1240 561 1283; x_wconf 89' lang='lat' dir='ltr'>esse</span> <span class='ocrx_word' id='word_1_112' title='bbox 592 1220 853 1291; x_wconf 90' lang='lat' dir='ltr'>dicebat;</span> <span class='ocrx_word' id='word_1_113' title='bbox 887 1229 952 1282; x_wconf 92' lang='lat' dir='ltr'>ut</span> <span class='ocrx_word' id='word_1_114' title='bbox 982 1221 1173 1283; x_wconf 90' lang='lat' dir='ltr'>eidem</span> <span class='ocrx_word' id='word_1_115' title='bbox 1204 1221 1460 1285; x_wconf 86' lang='lat' dir='ltr'>Carboni</span> <span class='ocrx_word' id='word_1_116' title='bbox 1489 1221 1730 1283; x_wconf 90' lang='lat' dir='ltr'>tribuno</span> <span class='ocrx_word' id='word_1_117' title='bbox 1760 1219 1968 1300; x_wconf 87' lang='lat' dir='ltr'>plebis,</span> <span class='ocrx_word' id='word_1_118' title='bbox 2001 1219 2113 1282; x_wconf 89' lang='lat' dir='ltr'>alia</span> <span class='ocrx_word' id='word_1_119' title='bbox 2143 1229 2269 1283; x_wconf 88' lang='lat' dir='ltr'>tum</span> <span class='ocrx_word' id='word_1_120' title='bbox 2298 1228 2497 1282; x_wconf 90' lang='lat' dir='ltr'>mente</span> <span class='ocrx_word' id='word_1_121' title='bbox 2530 1238 2662 1281; x_wconf 89' lang='lat' dir='ltr'>rem</span> 
     </span>
     <span class='ocr_line' id='line_1_13' title="bbox 429 1304 2661 1387; baseline -0 -21"><span class='ocrx_word' id='word_1_122' title='bbox 429 1304 728 1387; x_wconf 84' lang='lat' dir='ltr'>publicam</span> <span class='ocrx_word' id='word_1_123' title='bbox 759 1308 1116 1386; x_wconf 84' lang='lat' dir='ltr'>capessenti,</span> <span class='ocrx_word' id='word_1_124' title='bbox 1166 1308 1230 1367; x_wconf 89' lang='lat' dir='ltr'>P.</span> <span class='ocrx_word' id='word_1_125' title='bbox 1262 1307 1572 1368; x_wconf 80' lang='lat' dir='ltr'>Africanus</span> <span class='ocrx_word' id='word_1_126' title='bbox 1616 1307 1689 1366; x_wconf 91' lang='lat' dir='ltr'>de</span> <span class='ocrx_word' id='word_1_127' title='bbox 1718 1306 1807 1366; x_wconf 88' lang='lat' dir='ltr'>Ti.</span> <span class='ocrx_word' id='word_1_128' title='bbox 1841 1306 2109 1367; x_wconf 87' lang='lat' dir='ltr'>Graccho</span> <span class='ocrx_word' id='word_1_129' title='bbox 2138 1307 2530 1385; x_wconf 87' lang='lat' dir='ltr'>interroganti</span> <span class='ocrx_word' id='word_1_130' title='bbox 2561 1324 2661 1366; x_wconf 90' lang='lat' dir='ltr'>re-</span> 
     </span>
     <span class='ocr_line' id='line_1_14' title="bbox 433 1390 2663 1471; baseline 0 -21"><span class='ocrx_word' id='word_1_131' title='bbox 433 1391 757 1471; x_wconf 87' lang='lat' dir='ltr'>sponderat</span> <span class='ocrx_word' id='word_1_132' title='bbox 782 1392 912 1452; x_wconf 91' lang='lat' dir='ltr'>iure</span> <span class='ocrx_word' id='word_1_133' title='bbox 944 1410 1177 1454; x_wconf 88' lang='lat' dir='ltr'>caesum</span> <span class='ocrx_word' id='word_1_134' title='bbox 1203 1392 1407 1452; x_wconf 85' lang='lat' dir='ltr'>videri.</span> <span class='ocrx_word' id='word_1_135' title='bbox 1450 1392 1586 1453; x_wconf 91' lang='lat' dir='ltr'>Iure</span> <span class='ocrx_word' id='word_1_136' title='bbox 1609 1398 1806 1453; x_wconf 91' lang='lat' dir='ltr'>autem</span> <span class='ocrx_word' id='word_1_137' title='bbox 1829 1391 2027 1453; x_wconf 87' lang='lat' dir='ltr'>omnia</span> <span class='ocrx_word' id='word_1_138' title='bbox 2058 1390 2473 1461; x_wconf 82' lang='lat' dir='ltr'>defenduntur,</span> <span class='ocrx_word' id='word_1_139' title='bbox 2506 1409 2663 1470; x_wconf 89' lang='lat' dir='ltr'>quae</span> 
     </span>
     <span class='ocr_line' id='line_1_15' title="bbox 434 1474 2666 1558; baseline 0 -23"><span class='ocrx_word' id='word_1_140' title='bbox 434 1484 571 1538; x_wconf 90' lang='lat' dir='ltr'>sunt</span> <span class='ocrx_word' id='word_1_141' title='bbox 601 1477 726 1536; x_wconf 90' lang='lat' dir='ltr'>eius</span> <span class='ocrx_word' id='word_1_142' title='bbox 764 1477 1032 1555; x_wconf 87' lang='lat' dir='ltr'>generis,</span> <span class='ocrx_word' id='word_1_143' title='bbox 1084 1484 1150 1539; x_wconf 91' lang='lat' dir='ltr'>ut</span> <span class='ocrx_word' id='word_1_144' title='bbox 1191 1484 1290 1538; x_wconf 89' lang='lat' dir='ltr'>aut</span> <span class='ocrx_word' id='word_1_145' title='bbox 1330 1477 1662 1558; x_wconf 89' lang='lat' dir='ltr'>oportuerit</span> <span class='ocrx_word' id='word_1_146' title='bbox 1690 1484 1791 1537; x_wconf 92' lang='lat' dir='ltr'>aut</span> <span class='ocrx_word' id='word_1_147' title='bbox 1818 1474 2051 1537; x_wconf 87' lang='lat' dir='ltr'>licuerit</span> <span class='ocrx_word' id='word_1_148' title='bbox 2081 1482 2181 1536; x_wconf 92' lang='lat' dir='ltr'>aut</span> <span class='ocrx_word' id='word_1_149' title='bbox 2209 1493 2452 1536; x_wconf 90' lang='lat' dir='ltr'>necesse</span> <span class='ocrx_word' id='word_1_150' title='bbox 2481 1475 2666 1536; x_wconf 85' lang='lat' dir='ltr'>fuerit</span> 
     </span>
    </p>

    <p class='ocr_par' dir='ltr' id='par_1_3' title="bbox 303 1558 2663 1979">
     <span class='ocr_line' id='line_1_16' title="bbox 303 1558 2660 1641; baseline -0 -19"><span class='ocrx_word' id='word_1_151' title='bbox 303 1558 401 1613; x_wconf 89' lang='lat'>107</span> <span class='ocrx_word' id='word_1_152' title='bbox 435 1569 536 1622; x_wconf 88' lang='lat' dir='ltr'>aut</span> <span class='ocrx_word' id='word_1_153' title='bbox 574 1561 971 1641; x_wconf 89' lang='lat' dir='ltr'>imprudentia</span> <span class='ocrx_word' id='word_1_154' title='bbox 1012 1569 1113 1622; x_wconf 87' lang='lat' dir='ltr'>aut</span> <span class='ocrx_word' id='word_1_155' title='bbox 1154 1580 1294 1624; x_wconf 89' lang='lat' dir='ltr'>casu</span> <span class='ocrx_word' id='word_1_156' title='bbox 1333 1561 1488 1622; x_wconf 82' lang='lat' dir='ltr'>facta</span> <span class='ocrx_word' id='word_1_157' title='bbox 1530 1579 1660 1622; x_wconf 88' lang='lat' dir='ltr'>esse</span> <span class='ocrx_word' id='word_1_158' title='bbox 1702 1560 2028 1623; x_wconf 86' lang='lat' dir='ltr'>videantur.</span> <span class='ocrx_word' id='word_1_159' title='bbox 2089 1561 2211 1621; x_wconf 90' lang='lat' dir='ltr'>Iam</span> <span class='ocrx_word' id='word_1_160' title='bbox 2241 1559 2383 1640; x_wconf 90' lang='lat' dir='ltr'>quid</span> <span class='ocrx_word' id='word_1_161' title='bbox 2416 1567 2660 1621; x_wconf 87' lang='lat' dir='ltr'>vocetur</span> 
     </span>
     <span class='ocr_line' id='line_1_17' title="bbox 432 1644 2663 1726; baseline -0.001 -19"><span class='ocrx_word' id='word_1_162' title='bbox 432 1647 765 1726; x_wconf 87' lang='lat' dir='ltr'>quaeritur,</span> <span class='ocrx_word' id='word_1_163' title='bbox 821 1665 955 1708; x_wconf 91' lang='lat' dir='ltr'>cum</span> <span class='ocrx_word' id='word_1_164' title='bbox 999 1665 1115 1726; x_wconf 90' lang='lat' dir='ltr'>quo</span> <span class='ocrx_word' id='word_1_165' title='bbox 1157 1645 1339 1707; x_wconf 90' lang='lat' dir='ltr'>verbo</span> <span class='ocrx_word' id='word_1_166' title='bbox 1368 1647 1508 1726; x_wconf 90' lang='lat' dir='ltr'>quid</span> <span class='ocrx_word' id='word_1_167' title='bbox 1553 1644 1970 1725; x_wconf 89' lang='lat' dir='ltr'>appellandum</span> <span class='ocrx_word' id='word_1_168' title='bbox 2011 1646 2089 1705; x_wconf 88' lang='lat' dir='ltr'>sit</span> <span class='ocrx_word' id='word_1_169' title='bbox 2130 1644 2538 1714; x_wconf 89' lang='lat' dir='ltr'>contenditur;</span> <span class='ocrx_word' id='word_1_170' title='bbox 2595 1652 2663 1705; x_wconf 91' lang='lat' dir='ltr'>ut</span> 
     </span>
     <span class='ocr_line' id='line_1_18' title="bbox 432 1729 2660 1811; baseline -0 -19"><span class='ocrx_word' id='word_1_171' title='bbox 432 1731 579 1792; x_wconf 91' lang='lat' dir='ltr'>mihi</span> <span class='ocrx_word' id='word_1_172' title='bbox 606 1733 722 1811; x_wconf 92' lang='lat' dir='ltr'>ipsi</span> <span class='ocrx_word' id='word_1_173' title='bbox 751 1750 885 1791; x_wconf 91' lang='lat' dir='ltr'>cum</span> <span class='ocrx_word' id='word_1_174' title='bbox 917 1732 1031 1791; x_wconf 92' lang='lat' dir='ltr'>hoc</span> <span class='ocrx_word' id='word_1_175' title='bbox 1061 1730 1322 1811; x_wconf 91' lang='lat' dir='ltr'>Sulpicio</span> <span class='ocrx_word' id='word_1_176' title='bbox 1354 1730 1465 1792; x_wconf 79' lang='lat' dir='ltr'>fuit</span> <span class='ocrx_word' id='word_1_177' title='bbox 1493 1733 1555 1791; x_wconf 91' lang='lat' dir='ltr'>in</span> <span class='ocrx_word' id='word_1_178' title='bbox 1576 1729 1840 1792; x_wconf 88' lang='lat' dir='ltr'>Norbani</span> <span class='ocrx_word' id='word_1_179' title='bbox 1870 1748 2046 1792; x_wconf 88' lang='lat' dir='ltr'>causa</span> <span class='ocrx_word' id='word_1_180' title='bbox 2075 1748 2303 1790; x_wconf 87' lang='lat' dir='ltr'>summa</span> <span class='ocrx_word' id='word_1_181' title='bbox 2336 1731 2660 1791; x_wconf 91' lang='lat' dir='ltr'>contentio.</span> 
     </span>
     <span class='ocr_line' id='line_1_19' title="bbox 431 1815 2656 1896; baseline -0.001 -20"><span class='ocrx_word' id='word_1_182' title='bbox 431 1815 721 1894; x_wconf 87' lang='lat' dir='ltr'>Pleraque</span> <span class='ocrx_word' id='word_1_183' title='bbox 752 1817 908 1876; x_wconf 91' lang='lat' dir='ltr'>enim</span> <span class='ocrx_word' id='word_1_184' title='bbox 942 1815 1015 1876; x_wconf 90' lang='lat' dir='ltr'>de</span> <span class='ocrx_word' id='word_1_185' title='bbox 1047 1817 1161 1885; x_wconf 84' lang='grc'><strong>318,</strong></span> <span class='ocrx_word' id='word_1_186' title='bbox 1214 1834 1364 1896; x_wconf 90' lang='lat' dir='ltr'>quae</span> <span class='ocrx_word' id='word_1_187' title='bbox 1397 1815 1471 1876; x_wconf 91' lang='lat' dir='ltr'>ab</span> <span class='ocrx_word' id='word_1_188' title='bbox 1502 1819 1615 1876; x_wconf 86' lang='lat' dir='ltr'>isto</span> <span class='ocrx_word' id='word_1_189' title='bbox 1645 1815 2105 1885; x_wconf 88' lang='lat' dir='ltr'>obiiciebantur,</span> <span class='ocrx_word' id='word_1_190' title='bbox 2152 1832 2287 1875; x_wconf 90' lang='lat' dir='ltr'>cum</span> <span class='ocrx_word' id='word_1_191' title='bbox 2318 1815 2656 1886; x_wconf 84' lang='lat' dir='ltr'>confiterer,</span> 
     </span>
     <span class='ocr_line' id='line_1_20' title="bbox 433 1898 2658 1979; baseline 0 -20"><span class='ocrx_word' id='word_1_192' title='bbox 433 1906 631 1960; x_wconf 88' lang='lat' dir='ltr'>tamen</span> <span class='ocrx_word' id='word_1_193' title='bbox 664 1898 869 1960; x_wconf 88' lang='lat' dir='ltr'>abillo</span> <span class='ocrx_word' id='word_1_194' title='bbox 911 1901 1274 1961; x_wconf 88' lang='lat' dir='ltr'>maiestatem</span> <span class='ocrx_word' id='word_1_195' title='bbox 1320 1902 1608 1962; x_wconf 90' lang='lat' dir='ltr'>minutam</span> <span class='ocrx_word' id='word_1_196' title='bbox 1652 1899 1972 1979; x_wconf 86' lang='lat' dir='ltr'>negabam;</span> <span class='ocrx_word' id='word_1_197' title='bbox 2028 1918 2100 1960; x_wconf 86' lang='lat' dir='ltr'>ex</span> <span class='ocrx_word' id='word_1_198' title='bbox 2141 1918 2258 1978; x_wconf 89' lang='lat' dir='ltr'>quo</span> <span class='ocrx_word' id='word_1_199' title='bbox 2285 1898 2482 1969; x_wconf 30' lang='lat' dir='ltr'>,verbo</span> <span class='ocrx_word' id='word_1_200' title='bbox 2523 1898 2658 1978; x_wconf 83' lang='lat' dir='ltr'>lege</span> 
     </span>
    </p>

    <p class='ocr_par' dir='ltr' id='par_1_4' title="bbox 302 1980 2661 2660">
     <span class='ocr_line' id='line_1_21' title="bbox 302 1980 2659 2065; baseline -0 -20"><span class='ocrx_word' id='word_1_201' title='bbox 302 1984 401 2036; x_wconf 89' lang='lat'>108</span> <span class='ocrx_word' id='word_1_202' title='bbox 433 1980 719 2065; x_wconf 80' lang='lat' dir='ltr'>Appuleia</span> <span class='ocrx_word' id='word_1_203' title='bbox 749 1990 871 2044; x_wconf 82' lang='lat' dir='ltr'>tota</span> <span class='ocrx_word' id='word_1_204' title='bbox 900 1982 1001 2045; x_wconf 90' lang='lat' dir='ltr'>illa</span> <span class='ocrx_word' id='word_1_205' title='bbox 1031 2003 1204 2045; x_wconf 90' lang='lat' dir='ltr'>causa</span> <span class='ocrx_word' id='word_1_206' title='bbox 1237 1984 1552 2064; x_wconf 88' lang='lat' dir='ltr'>pendebat.</span> <span class='ocrx_word' id='word_1_207' title='bbox 1633 1987 1822 2065; x_wconf 88' lang='lat' dir='ltr'>Atque</span> <span class='ocrx_word' id='word_1_208' title='bbox 1850 1986 1914 2047; x_wconf 87' lang='lat' dir='ltr'>in</span> <span class='ocrx_word' id='word_1_209' title='bbox 1944 1986 2059 2046; x_wconf 95' lang='lat' dir='ltr'>hoc</span> <span class='ocrx_word' id='word_1_210' title='bbox 2090 2001 2312 2063; x_wconf 85' lang='lat' dir='ltr'>genere</span> <span class='ocrx_word' id='word_1_211' title='bbox 2342 2001 2659 2045; x_wconf 88' lang='lat' dir='ltr'>causarum</span> 
     </span>
     <span class='ocr_line' id='line_1_22' title="bbox 431 2065 2661 2150; baseline -0 -20"><span class='ocrx_word' id='word_1_212' title='bbox 431 2065 704 2130; x_wconf 91' lang='lat' dir='ltr'>nonnulli</span> <span class='ocrx_word' id='word_1_213' title='bbox 741 2070 1143 2148; x_wconf 87' lang='lat' dir='ltr'>praecipiunt,</span> <span class='ocrx_word' id='word_1_214' title='bbox 1199 2076 1263 2130; x_wconf 90' lang='lat' dir='ltr'>ut</span> <span class='ocrx_word' id='word_1_215' title='bbox 1291 2068 1538 2131; x_wconf 84' lang='lat' dir='ltr'>verbum</span> <span class='ocrx_word' id='word_1_216' title='bbox 1568 2068 1741 2139; x_wconf 90' lang='lat' dir='ltr'>illud,</span> <span class='ocrx_word' id='word_1_217' title='bbox 1774 2070 1932 2150; x_wconf 85' lang='lat' dir='ltr'>qnod</span> <span class='ocrx_word' id='word_1_218' title='bbox 1963 2088 2198 2130; x_wconf 90' lang='lat' dir='ltr'>causam</span> <span class='ocrx_word' id='word_1_219' title='bbox 2240 2068 2407 2138; x_wconf 82' lang='lat' dir='ltr'>facit,</span> <span class='ocrx_word' id='word_1_220' title='bbox 2461 2068 2661 2129; x_wconf 91' lang='lat' dir='ltr'>lucide</span> 
     </span>
     <span class='ocr_line' id='line_1_23' title="bbox 429 2153 2655 2234; baseline -0 -20"><span class='ocrx_word' id='word_1_221' title='bbox 429 2153 807 2233; x_wconf 83' lang='lat' dir='ltr'>breviterque</span> <span class='ocrx_word' id='word_1_222' title='bbox 848 2160 1098 2233; x_wconf 90' lang='lat' dir='ltr'>uterque</span> <span class='ocrx_word' id='word_1_223' title='bbox 1142 2153 1399 2215; x_wconf 77' lang='lat' dir='ltr'>definiat.</span> <span class='ocrx_word' id='word_1_224' title='bbox 1460 2155 1628 2227; x_wconf 88' lang='lat' dir='ltr'>Quod</span> <span class='ocrx_word' id='word_1_225' title='bbox 1660 2155 1808 2215; x_wconf 92' lang='lat' dir='ltr'>mihi</span> <span class='ocrx_word' id='word_1_226' title='bbox 1836 2154 2074 2234; x_wconf 89' lang='lat' dir='ltr'>quidem</span> <span class='ocrx_word' id='word_1_227' title='bbox 2105 2171 2394 2233; x_wconf 87' lang='lat' dir='ltr'>perquam</span> <span class='ocrx_word' id='word_1_228' title='bbox 2422 2153 2655 2234; x_wconf 90' lang='lat' dir='ltr'>puerile</span> 
     </span>
     <span class='ocr_line' id='line_1_24' title="bbox 432 2236 2659 2317; baseline 0 -20"><span class='ocrx_word' id='word_1_229' title='bbox 432 2237 619 2298; x_wconf 88' lang='lat' dir='ltr'>videri</span> <span class='ocrx_word' id='word_1_230' title='bbox 649 2237 816 2298; x_wconf 89' lang='lat' dir='ltr'>solet.</span> <span class='ocrx_word' id='word_1_231' title='bbox 878 2236 1001 2299; x_wconf 88' lang='lat' dir='ltr'>Alia</span> <span class='ocrx_word' id='word_1_232' title='bbox 1034 2245 1124 2299; x_wconf 92' lang='lat' dir='ltr'>est</span> <span class='ocrx_word' id='word_1_233' title='bbox 1153 2240 1341 2309; x_wconf 91' lang='lat' dir='ltr'>enim,</span> <span class='ocrx_word' id='word_1_234' title='bbox 1394 2258 1529 2300; x_wconf 87' lang='lat' dir='ltr'>cum</span> <span class='ocrx_word' id='word_1_235' title='bbox 1571 2241 1728 2300; x_wconf 90' lang='lat' dir='ltr'>inter</span> <span class='ocrx_word' id='word_1_236' title='bbox 1760 2239 1964 2299; x_wconf 90' lang='lat' dir='ltr'>doctos</span> <span class='ocrx_word' id='word_1_237' title='bbox 1994 2239 2264 2300; x_wconf 89' lang='lat' dir='ltr'>homines</span> <span class='ocrx_word' id='word_1_238' title='bbox 2294 2239 2368 2298; x_wconf 90' lang='lat' dir='ltr'>de</span> <span class='ocrx_word' id='word_1_239' title='bbox 2400 2239 2484 2298; x_wconf 92' lang='lat' dir='ltr'>eis</span> <span class='ocrx_word' id='word_1_240' title='bbox 2512 2238 2659 2317; x_wconf 88' lang='lat' dir='ltr'>ipsis</span> 
     </span>
     <span class='ocr_line' id='line_1_25' title="bbox 431 2322 2655 2404; baseline -0 -20"><span class='ocrx_word' id='word_1_241' title='bbox 431 2322 637 2394; x_wconf 76' lang='lat' dir='ltr'>rebUS,</span> <span class='ocrx_word' id='word_1_242' title='bbox 693 2338 842 2404; x_wconf 89' lang='lat' dir='ltr'>quae</span> <span class='ocrx_word' id='word_1_243' title='bbox 871 2330 1181 2386; x_wconf 87' lang='lat' dir='ltr'>versantur</span> <span class='ocrx_word' id='word_1_244' title='bbox 1210 2326 1271 2384; x_wconf 90' lang='lat' dir='ltr'>in</span> <span class='ocrx_word' id='word_1_245' title='bbox 1304 2323 1560 2395; x_wconf 78' lang='lat' dir='ltr'>artibuS,</span> <span class='ocrx_word' id='word_1_246' title='bbox 1614 2324 1975 2404; x_wconf 89' lang='lat' dir='ltr'>disputatur,</span> <span class='ocrx_word' id='word_1_247' title='bbox 2023 2322 2340 2385; x_wconf 87' lang='lat' dir='ltr'>verborum</span> <span class='ocrx_word' id='word_1_248' title='bbox 2372 2322 2655 2394; x_wconf 84' lang='lat' dir='ltr'>definitio,</span> 
     </span>
     <span class='ocr_line' id='line_1_26' title="bbox 433 2408 2658 2490; baseline 0 -23"><span class='ocrx_word' id='word_1_249' title='bbox 433 2415 496 2468; x_wconf 88' lang='lat' dir='ltr'>ut</span> <span class='ocrx_word' id='word_1_250' title='bbox 519 2427 652 2468; x_wconf 86' lang='lat' dir='ltr'>cum</span> <span class='ocrx_word' id='word_1_251' title='bbox 676 2409 996 2488; x_wconf 88' lang='lat' dir='ltr'>quaeritur,</span> <span class='ocrx_word' id='word_1_252' title='bbox 1030 2409 1168 2489; x_wconf 91' lang='lat' dir='ltr'>quid</span> <span class='ocrx_word' id='word_1_253' title='bbox 1201 2411 1276 2469; x_wconf 88' lang='lat' dir='ltr'>sit</span> <span class='ocrx_word' id='word_1_254' title='bbox 1305 2426 1420 2481; x_wconf 88' lang='lat' dir='ltr'>ars,</span> <span class='ocrx_word' id='word_1_255' title='bbox 1452 2409 1595 2489; x_wconf 91' lang='lat' dir='ltr'>quid</span> <span class='ocrx_word' id='word_1_256' title='bbox 1625 2411 1700 2469; x_wconf 85' lang='lat' dir='ltr'>sit</span> <span class='ocrx_word' id='word_1_257' title='bbox 1728 2408 1841 2480; x_wconf 84' lang='lat' dir='ltr'>lex,</span> <span class='ocrx_word' id='word_1_258' title='bbox 1874 2408 2013 2490; x_wconf 92' lang='lat' dir='ltr'>quid</span> <span class='ocrx_word' id='word_1_259' title='bbox 2045 2409 2121 2470; x_wconf 89' lang='lat' dir='ltr'>sit</span> <span class='ocrx_word' id='word_1_260' title='bbox 2150 2410 2369 2470; x_wconf 88' lang='lat' dir='ltr'>civitas.</span> <span class='ocrx_word' id='word_1_261' title='bbox 2429 2408 2497 2469; x_wconf 92' lang='lat' dir='ltr'>In</span> <span class='ocrx_word' id='word_1_262' title='bbox 2526 2409 2658 2487; x_wconf 87' lang='lat' dir='ltr'>qui-</span> 
     </span>
     <span class='ocr_line' id='line_1_27' title="bbox 430 2492 2658 2574; baseline 0 -22"><span class='ocrx_word' id='word_1_263' title='bbox 430 2492 542 2553; x_wconf 89' lang='lat' dir='ltr'>bus</span> <span class='ocrx_word' id='word_1_264' title='bbox 571 2492 684 2554; x_wconf 95' lang='lat' dir='ltr'>hoc</span> <span class='ocrx_word' id='word_1_265' title='bbox 714 2495 1005 2574; x_wconf 86' lang='lat' dir='ltr'>praecipit</span> <span class='ocrx_word' id='word_1_266' title='bbox 1033 2496 1185 2555; x_wconf 89' lang='lat' dir='ltr'>ratio</span> <span class='ocrx_word' id='word_1_267' title='bbox 1214 2499 1389 2574; x_wconf 88' lang='lat' dir='ltr'>atque</span> <span class='ocrx_word' id='word_1_268' title='bbox 1420 2494 1720 2564; x_wconf 89' lang='lat' dir='ltr'>doctrina,</span> <span class='ocrx_word' id='word_1_269' title='bbox 1773 2501 1840 2555; x_wconf 91' lang='lat' dir='ltr'>ut</span> <span class='ocrx_word' id='word_1_270' title='bbox 1880 2496 1966 2556; x_wconf 87' lang='lat' dir='ltr'>vis</span> <span class='ocrx_word' id='word_1_271' title='bbox 2009 2495 2135 2555; x_wconf 86' lang='lat' dir='ltr'>eius</span> <span class='ocrx_word' id='word_1_272' title='bbox 2175 2494 2292 2564; x_wconf 88' lang='lat' dir='ltr'>rei,</span> <span class='ocrx_word' id='word_1_273' title='bbox 2345 2511 2520 2574; x_wconf 88' lang='lat' dir='ltr'>quam</span> <span class='ocrx_word' id='word_1_274' title='bbox 2554 2492 2658 2553; x_wconf 92' lang='lat' dir='ltr'>de-</span> 
     </span>
     <span class='ocr_line' id='line_1_28' title="bbox 430 2578 2653 2660; baseline -0 -23"><span class='ocrx_word' id='word_1_275' title='bbox 430 2578 624 2647; x_wconf 81' lang='grc'><strong>113138,</strong></span> <span class='ocrx_word' id='word_1_276' title='bbox 682 2580 767 2639; x_wconf 85' lang='grc'>813</span> <span class='ocrx_word' id='word_1_277' title='bbox 811 2580 1202 2659; x_wconf 85' lang='lat' dir='ltr'>exprimatur,</span> <span class='ocrx_word' id='word_1_278' title='bbox 1253 2585 1319 2639; x_wconf 88' lang='lat' dir='ltr'>ut</span> <span class='ocrx_word' id='word_1_279' title='bbox 1364 2596 1557 2658; x_wconf 89' lang='lat' dir='ltr'>neque</span> <span class='ocrx_word' id='word_1_280' title='bbox 1598 2578 1751 2650; x_wconf 81' lang='lat' dir='ltr'>absit</span> <span class='ocrx_word' id='word_1_281' title='bbox 1789 2579 2119 2660; x_wconf 89' lang='lat' dir='ltr'>quidquam.</span> <span class='ocrx_word' id='word_1_282' title='bbox 2155 2596 2348 2658; x_wconf 91' lang='lat' dir='ltr'>neque</span> <span class='ocrx_word' id='word_1_283' title='bbox 2377 2578 2653 2657; x_wconf 89' lang='lat' dir='ltr'>supersit.</span> 
     </span>
    </p>

    <p class='ocr_par' dir='ltr' id='par_1_5' title="bbox 297 2662 2659 2745">
     <span class='ocr_line' id='line_1_29' title="bbox 297 2662 2659 2745; baseline 0 -25"><span class='ocrx_word' id='word_1_284' title='bbox 297 2664 398 2718; x_wconf 83' lang='lat'>109</span> <span class='ocrx_word' id='word_1_285' title='bbox 433 2662 600 2735; x_wconf 90' lang='lat' dir='ltr'>Quod</span> <span class='ocrx_word' id='word_1_286' title='bbox 633 2662 869 2744; x_wconf 85' lang='lat' dir='ltr'>quidem</span> <span class='ocrx_word' id='word_1_287' title='bbox 902 2665 965 2724; x_wconf 91' lang='lat' dir='ltr'>in</span> <span class='ocrx_word' id='word_1_288' title='bbox 994 2663 1092 2724; x_wconf 90' lang='lat' dir='ltr'>illa</span> <span class='ocrx_word' id='word_1_289' title='bbox 1125 2682 1297 2725; x_wconf 88' lang='lat' dir='ltr'>causa</span> <span class='ocrx_word' id='word_1_290' title='bbox 1331 2682 1525 2745; x_wconf 90' lang='lat' dir='ltr'>neque</span> <span class='ocrx_word' id='word_1_291' title='bbox 1551 2663 1845 2745; x_wconf 87' lang='lat' dir='ltr'>Sulpicius</span> <span class='ocrx_word' id='word_1_292' title='bbox 1900 2663 2038 2724; x_wconf 83' lang='lat' dir='ltr'>fecit</span> <span class='ocrx_word' id='word_1_293' title='bbox 2079 2681 2274 2744; x_wconf 90' lang='lat' dir='ltr'>neque</span> <span class='ocrx_word' id='word_1_294' title='bbox 2318 2681 2427 2742; x_wconf 87' lang='lat' dir='ltr'>ego</span> <span class='ocrx_word' id='word_1_295' title='bbox 2456 2662 2659 2723; x_wconf 81' lang='lat' dir='ltr'>facere</span> 
     </span>
    </p>
   </div>
   <div class='ocr_carea' id='block_1_2' title="bbox 1593 2854 2658 3406">
    <p class='ocr_par' dir='ltr' id='par_1_6' title="bbox 1595 2854 2658 3002">
     <span class='ocr_line' id='line_1_30' title="bbox 1595 2854 2658 2947; baseline -0.002 -30"><span class='ocrx_word' id='word_1_296' title='bbox 1595 2883 1634 2917; x_wconf 81' lang='grc' dir='ltr'>α</span> <span class='ocrx_word' id='word_1_297' title='bbox 1667 2865 1733 2916; x_wconf 86' lang='grc'>47</span> <span class='ocrx_word' id='word_1_298' title='bbox 1776 2857 1851 2947; x_wconf 55' lang='grc' dir='ltr'>ὥς</span> <span class='ocrx_word' id='word_1_299' title='bbox 1883 2858 2157 2918; x_wconf 66' lang='grc' dir='ltr'><strong><em>ἀπόλοιτο</em></strong></span> <span class='ocrx_word' id='word_1_300' title='bbox 2198 2863 2299 2919; x_wconf 78' lang='grc' dir='ltr'>καὶ</span> <span class='ocrx_word' id='word_1_301' title='bbox 2334 2855 2501 2925; x_wconf 73' lang='grc' dir='ltr'><em>ἄλλος</em></span> <span class='ocrx_word' id='word_1_302' title='bbox 2533 2854 2658 2925; x_wconf 76' lang='grc' dir='ltr'><strong><em>ὅτις</em></strong></span> 
     </span>
     <span class='ocr_line' id='line_1_31' title="bbox 1596 2928 2115 3002; baseline 0.004 -17"><span class='ocrx_word' id='word_1_303' title='bbox 1596 2933 1835 2986; x_wconf 77' lang='grc' dir='ltr'><strong><em>τοιαῦτα</em></strong></span> <span class='ocrx_word' id='word_1_304' title='bbox 1859 2951 1923 3002; x_wconf 78' lang='grc' dir='ltr'>γε</span> <span class='ocrx_word' id='word_1_305' title='bbox 1950 2928 2115 3001; x_wconf 57' lang='lat' dir='ltr'>deget.</span> 
     </span>
    </p>

    <p class='ocr_par' dir='ltr' id='par_1_7' title="bbox 1593 3000 2658 3406">
     <span class='ocr_line' id='line_1_32' title="bbox 1666 3000 2658 3066; baseline -0.004 -14"><span class='ocrx_word' id='word_1_306' title='bbox 1666 3012 1755 3052; x_wconf 77' lang='lat'>108.</span> <span class='ocrx_word' id='word_1_307' title='bbox 1803 3011 1919 3054; x_wconf 80' lang='lat' dir='ltr'>uter</span> <span class='ocrx_word' id='word_1_308' title='bbox 1954 3019 2040 3060; x_wconf 80' lang='lat' dir='ltr'>ue,</span> <span class='ocrx_word' id='word_1_309' title='bbox 2090 3003 2181 3053; x_wconf 84' lang='lat' dir='ltr'>der</span> <span class='ocrx_word' id='word_1_310' title='bbox 2224 3000 2509 3066; x_wconf 66' lang='lat' dir='ltr'>Ankliiger‚</span> <span class='ocrx_word' id='word_1_311' title='bbox 2560 3001 2658 3049; x_wconf 86' lang='lat' dir='ltr'>wie</span> 
     </span>
     <span class='ocr_line' id='line_1_33' title="bbox 1596 3068 2654 3136; baseline -0.004 -15"><span class='ocrx_word' id='word_1_312' title='bbox 1596 3071 1685 3121; x_wconf 86' lang='lat' dir='ltr'>der</span> <span class='ocrx_word' id='word_1_313' title='bbox 1704 3069 1910 3120; x_wconf 87' lang='lat' dir='ltr'>Verthei</span> <span class='ocrx_word' id='word_1_314' title='bbox 1948 3071 2072 3136; x_wconf 81' lang='lat' dir='ltr'>iger‚</span> <span class='ocrx_word' id='word_1_315' title='bbox 2100 3071 2224 3121; x_wconf 88' lang='lat' dir='ltr'>oder</span> <span class='ocrx_word' id='word_1_316' title='bbox 2249 3085 2303 3120; x_wconf 87' lang='lat' dir='ltr'>es</span> <span class='ocrx_word' id='word_1_317' title='bbox 2325 3071 2392 3118; x_wconf 89' lang='lat' dir='ltr'>ist</span> <span class='ocrx_word' id='word_1_318' title='bbox 2414 3069 2507 3117; x_wconf 85' lang='lat' dir='ltr'>mit</span> <span class='ocrx_word' id='word_1_319' title='bbox 2520 3068 2654 3118; x_wconf 83' lang='lat' dir='ltr'>Aus-</span> 
     </span>
     <span class='ocr_line' id='line_1_34' title="bbox 1597 3136 2657 3202; baseline -0.004 -14"><span class='ocrx_word' id='word_1_320' title='bbox 1597 3139 1810 3202; x_wconf 84' lang='lat' dir='ltr'>lassung</span> <span class='ocrx_word' id='word_1_321' title='bbox 1854 3153 1957 3188; x_wconf 82' lang='lat' dir='ltr'>von</span> <span class='ocrx_word' id='word_1_322' title='bbox 1994 3148 2229 3202; x_wconf 86' lang='lat' dir='ltr'>uterque,</span> <span class='ocrx_word' id='word_1_323' title='bbox 2278 3136 2354 3186; x_wconf 89' lang='lat' dir='ltr'>als</span> <span class='ocrx_word' id='word_1_324' title='bbox 2402 3151 2496 3186; x_wconf 87' lang='grc'>338</span> <span class='ocrx_word' id='word_1_325' title='bbox 2538 3136 2657 3185; x_wconf 87' lang='lat' dir='ltr'>dem</span> 
     </span>
     <span class='ocr_line' id='line_1_35' title="bbox 1597 3204 2651 3271; baseline -0.004 -15"><span class='ocrx_word' id='word_1_326' title='bbox 1597 3205 1807 3256; x_wconf 81' lang='lat' dir='ltr'>Schluss</span> <span class='ocrx_word' id='word_1_327' title='bbox 1841 3207 1933 3256; x_wconf 90' lang='lat' dir='ltr'>des</span> <span class='ocrx_word' id='word_1_328' title='bbox 1971 3205 2420 3271; x_wconf 85' lang='lat' dir='ltr'>vorhergehenden</span> <span class='ocrx_word' id='word_1_329' title='bbox 2444 3204 2651 3253; x_wconf 85' lang='lat' dir='ltr'>Wortes</span> 
     </span>
     <span class='ocr_line' id='line_1_36' title="bbox 1594 3271 2655 3337; baseline 0.001 -16"><span class='ocrx_word' id='word_1_330' title='bbox 1594 3274 1896 3324; x_wconf 87' lang='lat' dir='ltr'>entstauden</span> <span class='ocrx_word' id='word_1_331' title='bbox 1919 3272 2009 3337; x_wconf 87' lang='lat' dir='ltr'>(da</span> <span class='ocrx_word' id='word_1_332' title='bbox 2029 3288 2085 3323; x_wconf 90' lang='lat' dir='ltr'>es</span> <span class='ocrx_word' id='word_1_333' title='bbox 2103 3272 2234 3323; x_wconf 82' lang='lat' dir='ltr'>auch</span> <span class='ocrx_word' id='word_1_334' title='bbox 2254 3272 2322 3321; x_wconf 90' lang='lat' dir='ltr'>im</span> <span class='ocrx_word' id='word_1_335' title='bbox 2335 3271 2539 3322; x_wconf 82' lang='lat' dir='ltr'>Abrinc.</span> <span class='ocrx_word' id='word_1_336' title='bbox 2552 3271 2655 3322; x_wconf 85' lang='lat' dir='ltr'>Erl.</span> 
     </span>
     <span class='ocr_line' id='line_1_37' title="bbox 1593 3338 2531 3406; baseline -0.002 -16"><span class='ocrx_word' id='word_1_337' title='bbox 1593 3342 1615 3390; x_wconf 98' lang='lat' dir='ltr'>I</span> <span class='ocrx_word' id='word_1_338' title='bbox 1639 3357 1691 3391; x_wconf 91' lang='lat' dir='ltr'>u.</span> <span class='ocrx_word' id='word_1_339' title='bbox 1719 3342 1765 3392; x_wconf 92' lang='lat' dir='ltr'>II</span> <span class='ocrx_word' id='word_1_340' title='bbox 1789 3338 1961 3406; x_wconf 81' lang='lat' dir='ltr'>fehlt),</span> <span class='ocrx_word' id='word_1_341' title='bbox 1988 3341 2256 3392; x_wconf 84' lang='lat' dir='ltr'>definiatur</span> <span class='ocrx_word' id='word_1_342' title='bbox 2282 3356 2345 3388; x_wconf 87' lang='lat' dir='ltr'>zu</span> <span class='ocrx_word' id='word_1_343' title='bbox 2370 3340 2531 3389; x_wconf 85' lang='lat' dir='ltr'>lesen.</span> 
     </span>
    </p>
   </div>
   <div class='ocr_carea' id='block_1_3' title="bbox 1660 3422 2652 3485">
    <p class='ocr_par' dir='ltr' id='par_1_8' title="bbox 1660 3422 2652 3485">
     <span class='ocr_line' id='line_1_38' title="bbox 1660 3422 2652 3485; baseline -0.003 -10"><span class='ocrx_word' id='word_1_344' title='bbox 1660 3427 1715 3475; x_wconf 82' lang='lat' dir='ltr'>in</span> <span class='ocrx_word' id='word_1_345' title='bbox 1747 3425 1973 3485; x_wconf 78' lang='lat' dir='ltr'>artibus,</span> <span class='ocrx_word' id='word_1_346' title='bbox 2025 3426 2109 3474; x_wconf 90' lang='lat' dir='ltr'>die</span> <span class='ocrx_word' id='word_1_347' title='bbox 2151 3424 2288 3474; x_wconf 88' lang='lat' dir='ltr'>einer</span> <span class='ocrx_word' id='word_1_348' title='bbox 2320 3422 2652 3473; x_wconf 88' lang='lat' dir='ltr'>theoretisch-</span> 
     </span>
    </p>
   </div>
   <div class='ocr_carea' id='block_1_4' title="bbox 430 2866 1490 3202">
    <p class='ocr_par' dir='ltr' id='par_1_9' title="bbox 430 2866 1490 3202">
     <span class='ocr_line' id='line_1_39' title="bbox 533 2866 1490 2926; baseline 0.001 -11"><span class='ocrx_word' id='word_1_349' title='bbox 533 2882 629 2916; x_wconf 83' lang='lat' dir='ltr'>uae</span> <span class='ocrx_word' id='word_1_350' title='bbox 652 2868 903 2917; x_wconf 76' lang='lat' dir='ltr'>maximae</span> <span class='ocrx_word' id='word_1_351' title='bbox 926 2874 1070 2926; x_wconf 77' lang='lat' dir='ltr'>sunt,</span> <span class='ocrx_word' id='word_1_352' title='bbox 1108 2866 1244 2916; x_wconf 84' lang='lat' dir='ltr'>denn</span> <span class='ocrx_word' id='word_1_353' title='bbox 1270 2867 1335 2917; x_wconf 87' lang='grc'>(13</span> <span class='ocrx_word' id='word_1_354' title='bbox 1358 2866 1490 2916; x_wconf 87' lang='lat' dir='ltr'>han-</span> 
     </span>
     <span class='ocr_line' id='line_1_40' title="bbox 432 2933 1488 3000; baseline -0.001 -17"><span class='ocrx_word' id='word_1_355' title='bbox 432 2933 497 2983; x_wconf 90' lang='lat' dir='ltr'>de</span> <span class='ocrx_word' id='word_1_356' title='bbox 517 2941 538 2981; x_wconf 85' lang='lat' dir='ltr'>t</span> <span class='ocrx_word' id='word_1_357' title='bbox 563 2948 619 2983; x_wconf 89' lang='lat' dir='ltr'>es</span> <span class='ocrx_word' id='word_1_358' title='bbox 655 2933 765 2983; x_wconf 90' lang='lat' dir='ltr'>sich</span> <span class='ocrx_word' id='word_1_359' title='bbox 800 2936 895 2997; x_wconf 88' lang='lat' dir='ltr'>(im</span> <span class='ocrx_word' id='word_1_360' title='bbox 923 2933 1208 2998; x_wconf 78' lang='lat' dir='ltr'>Gegensatz</span> <span class='ocrx_word' id='word_1_361' title='bbox 1236 2951 1300 2985; x_wconf 87' lang='lat' dir='ltr'>zu</span> <span class='ocrx_word' id='word_1_362' title='bbox 1325 2934 1488 3000; x_wconf 83' lang='lat' dir='ltr'>Baga-</span> 
     </span>
     <span class='ocr_line' id='line_1_41' title="bbox 431 3000 1489 3066; baseline 0.001 -16"><span class='ocrx_word' id='word_1_363' title='bbox 431 3000 732 3065; x_wconf 84' lang='lat' dir='ltr'>tellsachen)</span> <span class='ocrx_word' id='word_1_364' title='bbox 756 3002 937 3052; x_wconf 89' lang='lat' dir='ltr'>immer</span> <span class='ocrx_word' id='word_1_365' title='bbox 959 3017 1045 3050; x_wconf 89' lang='lat' dir='ltr'>um</span> <span class='ocrx_word' id='word_1_366' title='bbox 1067 3015 1123 3050; x_wconf 86' lang='lat' dir='ltr'>so</span> <span class='ocrx_word' id='word_1_367' title='bbox 1146 3016 1324 3066; x_wconf 84' lang='lat' dir='ltr'>grosse</span> <span class='ocrx_word' id='word_1_368' title='bbox 1338 3000 1489 3053; x_wconf 89' lang='lat' dir='ltr'>Sum·</span> 
     </span>
     <span class='ocr_line' id='line_1_42' title="bbox 430 3069 1488 3135; baseline 0.002 -18"><span class='ocrx_word' id='word_1_369' title='bbox 430 3084 574 3130; x_wconf 84' lang='lat' dir='ltr'>men,</span> <span class='ocrx_word' id='word_1_370' title='bbox 624 3069 744 3118; x_wconf 85' lang='lat' dir='ltr'>dass</span> <span class='ocrx_word' id='word_1_371' title='bbox 785 3069 869 3119; x_wconf 85' lang='lat' dir='ltr'>die</span> <span class='ocrx_word' id='word_1_372' title='bbox 902 3069 1142 3119; x_wconf 82' lang='lat' dir='ltr'>Existenz</span> <span class='ocrx_word' id='word_1_373' title='bbox 1190 3072 1284 3120; x_wconf 84' lang='lat' dir='ltr'>des</span> <span class='ocrx_word' id='word_1_374' title='bbox 1318 3070 1488 3135; x_wconf 88' lang='lat' dir='ltr'>Ange-</span> 
     </span>
     <span class='ocr_line' id='line_1_43' title="bbox 430 3136 1266 3202; baseline 0.005 -17"><span class='ocrx_word' id='word_1_375' title='bbox 430 3136 634 3201; x_wconf 81' lang='lat' dir='ltr'>klagten</span> <span class='ocrx_word' id='word_1_376' title='bbox 659 3136 752 3186; x_wconf 86' lang='lat' dir='ltr'>auf</span> <span class='ocrx_word' id='word_1_377' title='bbox 771 3137 886 3186; x_wconf 88' lang='lat' dir='ltr'>dem</span> <span class='ocrx_word' id='word_1_378' title='bbox 914 3136 1086 3202; x_wconf 88' lang='lat' dir='ltr'>Spiele</span> <span class='ocrx_word' id='word_1_379' title='bbox 1113 3136 1266 3190; x_wconf 85' lang='lat' dir='ltr'>steht.</span> 
     </span>
    </p>
   </div>
   <div class='ocr_carea' id='block_1_5' title="bbox 497 3237 1371 3303">
    <p class='ocr_par' dir='ltr' id='par_1_10' title="bbox 497 3237 1371 3303">
     <span class='ocr_line' id='line_1_44' title="bbox 497 3237 1371 3303; baseline 0.002 -16"><span class='ocrx_word' id='word_1_380' title='bbox 497 3239 734 3302; x_wconf 67' lang='lat' dir='ltr'>neganda</span> <span class='ocrx_word' id='word_1_381' title='bbox 760 3248 854 3288; x_wconf 89' lang='lat' dir='ltr'>etc.</span> <span class='ocrx_word' id='word_1_382' title='bbox 902 3237 1019 3303; x_wconf 82' lang='lat' dir='ltr'>Vgl.</span> <span class='ocrx_word' id='word_1_383' title='bbox 1047 3239 1117 3288; x_wconf 82' lang='lat'>111</span> <span class='ocrx_word' id='word_1_384' title='bbox 1141 3237 1226 3301; x_wconf 82' lang='lat'>27,</span> <span class='ocrx_word' id='word_1_385' title='bbox 1253 3247 1371 3289; x_wconf 53' lang='lat'>1063</span> 
     </span>
    </p>
   </div>
   <div class='ocr_carea' id='block_1_6' title="bbox 430 3339 1492 3472">
    <p class='ocr_par' dir='ltr' id='par_1_11' title="bbox 430 3339 1492 3472">
     <span class='ocr_line' id='line_1_45' title="bbox 498 3339 1492 3402; baseline 0.001 -14"><span class='ocrx_word' id='word_1_386' title='bbox 498 3347 587 3389; x_wconf 80' lang='lat'>106.</span> <span class='ocrx_word' id='word_1_387' title='bbox 626 3340 737 3390; x_wconf 78' lang='lat' dir='ltr'>iure</span> <span class='ocrx_word' id='word_1_388' title='bbox 763 3353 976 3392; x_wconf 81' lang='lat' dir='ltr'>caesum.</span> <span class='ocrx_word' id='word_1_389' title='bbox 1025 3339 1160 3389; x_wconf 92' lang='lat' dir='ltr'>Vell.</span> <span class='ocrx_word' id='word_1_390' title='bbox 1188 3340 1307 3402; x_wconf 85' lang='lat'>114,</span> <span class='ocrx_word' id='word_1_391' title='bbox 1343 3349 1367 3388; x_wconf 86' lang='grc'><strong>4</strong></span> <span class='ocrx_word' id='word_1_392' title='bbox 1400 3340 1492 3389; x_wconf 89' lang='lat' dir='ltr'>Hic</span> 
     </span>
     <span class='ocr_line' id='line_1_46' title="bbox 430 3407 1489 3472; baseline 0.002 -17"><span class='ocrx_word' id='word_1_393' title='bbox 430 3421 545 3456; x_wconf 90' lang='lat' dir='ltr'>eum</span> <span class='ocrx_word' id='word_1_394' title='bbox 593 3407 934 3472; x_wconf 83' lang='lat' dir='ltr'>interrogante</span> <span class='ocrx_word' id='word_1_395' title='bbox 984 3408 1188 3457; x_wconf 87' lang='lat' dir='ltr'>tribuno</span> <span class='ocrx_word' id='word_1_396' title='bbox 1241 3407 1489 3469; x_wconf 87' lang='lat' dir='ltr'>Carbone,</span> 
     </span>
    </p>
   </div>
   <div class='ocr_carea' id='block_1_7' title="bbox 426 3474 1494 4283">
    <p class='ocr_par' dir='ltr' id='par_1_12' title="bbox 426 3474 1494 4283">
     <span class='ocr_line' id='line_1_47' title="bbox 429 3474 1490 3537; baseline 0.002 -14"><span class='ocrx_word' id='word_1_397' title='bbox 429 3475 552 3537; x_wconf 87' lang='lat' dir='ltr'>quid</span> <span class='ocrx_word' id='word_1_398' title='bbox 579 3476 643 3524; x_wconf 90' lang='lat' dir='ltr'>de</span> <span class='ocrx_word' id='word_1_399' title='bbox 667 3476 778 3526; x_wconf 84' lang='lat' dir='ltr'>Tib.</span> <span class='ocrx_word' id='word_1_400' title='bbox 805 3474 1017 3525; x_wconf 85' lang='lat' dir='ltr'>Gracchi</span> <span class='ocrx_word' id='word_1_401' title='bbox 1054 3474 1210 3524; x_wconf 84' lang='lat' dir='ltr'>caede</span> <span class='ocrx_word' id='word_1_402' title='bbox 1245 3476 1490 3526; x_wconf 81' lang='lat' dir='ltr'>sentiret?</span> 
     </span>
     <span class='ocr_line' id='line_1_48' title="bbox 428 3542 1494 3609; baseline 0.002 -19"><span class='ocrx_word' id='word_1_403' title='bbox 428 3542 716 3607; x_wconf 87' lang='lat' dir='ltr'>respondit,</span> <span class='ocrx_word' id='word_1_404' title='bbox 752 3544 794 3593; x_wconf 89' lang='lat' dir='ltr'>si</span> <span class='ocrx_word' id='word_1_405' title='bbox 820 3544 863 3592; x_wconf 87' lang='lat' dir='ltr'>is</span> <span class='ocrx_word' id='word_1_406' title='bbox 889 3542 1213 3609; x_wconf 82' lang='lat' dir='ltr'>occupandae</span> <span class='ocrx_word' id='word_1_407' title='bbox 1246 3542 1494 3607; x_wconf 84' lang='lat' dir='ltr'>reipubli-</span> 
     </span>
     <span class='ocr_line' id='line_1_49' title="bbox 429 3609 1488 3675; baseline 0.005 -18"><span class='ocrx_word' id='word_1_408' title='bbox 429 3625 518 3658; x_wconf 88' lang='lat' dir='ltr'>cae</span> <span class='ocrx_word' id='word_1_409' title='bbox 544 3610 773 3659; x_wconf 87' lang='lat' dir='ltr'>animum</span> <span class='ocrx_word' id='word_1_410' title='bbox 796 3609 1091 3675; x_wconf 83' lang='lat' dir='ltr'>habuisset,</span> <span class='ocrx_word' id='word_1_411' title='bbox 1125 3611 1235 3662; x_wconf 88' lang='lat' dir='ltr'>iure</span> <span class='ocrx_word' id='word_1_412' title='bbox 1261 3626 1488 3662; x_wconf 75' lang='lat' dir='ltr'>caesum.</span> 
     </span>
     <span class='ocr_line' id='line_1_50' title="bbox 428 3677 1487 3737; baseline 0.002 -11"><span class='ocrx_word' id='word_1_413' title='bbox 428 3677 513 3737; x_wconf 86' lang='lat' dir='ltr'>Et,</span> <span class='ocrx_word' id='word_1_414' title='bbox 562 3692 678 3726; x_wconf 87' lang='lat' dir='ltr'>eum</span> <span class='ocrx_word' id='word_1_415' title='bbox 727 3678 892 3727; x_wconf 89' lang='lat' dir='ltr'>omnis</span> <span class='ocrx_word' id='word_1_416' title='bbox 927 3679 1093 3728; x_wconf 83' lang='lat' dir='ltr'>contio</span> <span class='ocrx_word' id='word_1_417' title='bbox 1130 3679 1487 3729; x_wconf 59' lang='lat' dir='ltr'>acclamassem</span> 
     </span>
     <span class='ocr_line' id='line_1_51' title="bbox 427 3743 1488 3809; baseline 0.005 -17"><span class='ocrx_word' id='word_1_418' title='bbox 427 3743 677 3806; x_wconf 84' lang='lat' dir='ltr'>hostium,</span> <span class='ocrx_word' id='word_1_419' title='bbox 722 3745 910 3809; x_wconf 85' lang='lat' dir='ltr'>inquit,</span> <span class='ocrx_word' id='word_1_420' title='bbox 960 3753 1265 3796; x_wconf 86' lang='lat' dir='ltr'>armatorum</span> <span class='ocrx_word' id='word_1_421' title='bbox 1302 3747 1488 3797; x_wconf 88' lang='lat' dir='ltr'>totiens</span> 
     </span>
     <span class='ocr_line' id='line_1_52' title="bbox 428 3813 1490 3879; baseline 0.001 -18"><span class='ocrx_word' id='word_1_422' title='bbox 428 3813 648 3862; x_wconf 86' lang='lat' dir='ltr'>clamore</span> <span class='ocrx_word' id='word_1_423' title='bbox 704 3827 807 3862; x_wconf 92' lang='lat' dir='ltr'>non</span> <span class='ocrx_word' id='word_1_424' title='bbox 856 3814 1086 3873; x_wconf 77' lang='lat' dir='ltr'>territuS,</span> <span class='ocrx_word' id='word_1_425' title='bbox 1146 3814 1231 3876; x_wconf 91' lang='lat' dir='ltr'>qui</span> <span class='ocrx_word' id='word_1_426' title='bbox 1276 3828 1490 3879; x_wconf 84' lang='lat' dir='ltr'>possum</span> 
     </span>
     <span class='ocr_line' id='line_1_53' title="bbox 429 3881 1494 3944; baseline 0.002 -15"><span class='ocrx_word' id='word_1_427' title='bbox 429 3889 597 3931; x_wconf 85' lang='lat' dir='ltr'>vestro</span> <span class='ocrx_word' id='word_1_428' title='bbox 639 3881 857 3941; x_wconf 88' lang='lat' dir='ltr'>moveri,</span> <span class='ocrx_word' id='word_1_429' title='bbox 908 3896 1120 3944; x_wconf 89' lang='lat' dir='ltr'>quorum</span> <span class='ocrx_word' id='word_1_430' title='bbox 1164 3895 1381 3930; x_wconf 88' lang='lat' dir='ltr'>noverea</span> <span class='ocrx_word' id='word_1_431' title='bbox 1415 3890 1494 3931; x_wconf 88' lang='lat' dir='ltr'>est</span> 
     </span>
     <span class='ocr_line' id='line_1_54' title="bbox 427 3947 1491 3999; baseline 0.002 -2"><span class='ocrx_word' id='word_1_432' title='bbox 427 3949 605 3998; x_wconf 80' lang='lat' dir='ltr'>Italia?</span> <span class='ocrx_word' id='word_1_433' title='bbox 676 3948 847 3999; x_wconf 87' lang='lat' dir='ltr'>Schon</span> <span class='ocrx_word' id='word_1_434' title='bbox 894 3949 979 3998; x_wconf 89' lang='lat' dir='ltr'>bei</span> <span class='ocrx_word' id='word_1_435' title='bbox 1025 3948 1296 3998; x_wconf 81' lang='lat' dir='ltr'>Numantia</span> <span class='ocrx_word' id='word_1_436' title='bbox 1352 3947 1491 3999; x_wconf 85' lang='lat' dir='ltr'>hatte</span> 
     </span>
     <span class='ocr_line' id='line_1_55' title="bbox 426 4015 1486 4083; baseline 0.002 -19"><span class='ocrx_word' id='word_1_437' title='bbox 426 4017 670 4079; x_wconf 82' lang='lat' dir='ltr'>iibrigens</span> <span class='ocrx_word' id='word_1_438' title='bbox 716 4016 885 4083; x_wconf 86' lang='lat' dir='ltr'>Scipio</span> <span class='ocrx_word' id='word_1_439' title='bbox 929 4018 1070 4067; x_wconf 88' lang='grc'><strong>(11383</strong></span> <span class='ocrx_word' id='word_1_440' title='bbox 1113 4017 1256 4066; x_wconf 87' lang='lat' dir='ltr'>seine</span> <span class='ocrx_word' id='word_1_441' title='bbox 1295 4015 1486 4067; x_wconf 87' lang='lat' dir='ltr'>Ueber-</span> 
     </span>
     <span class='ocr_line' id='line_1_56' title="bbox 432 4084 1485 4146; baseline 0.005 -17"><span class='ocrx_word' id='word_1_442' title='bbox 432 4097 671 4146; x_wconf 82' lang='lat' dir='ltr'>zeugung</span> <span class='ocrx_word' id='word_1_443' title='bbox 694 4084 788 4134; x_wconf 77' lang='grc'><strong>331·</strong></span> <span class='ocrx_word' id='word_1_444' title='bbox 806 4084 889 4134; x_wconf 87' lang='lat' dir='ltr'>die</span> <span class='ocrx_word' id='word_1_445' title='bbox 912 4085 1092 4134; x_wconf 83' lang='lat' dir='ltr'>Kuude</span> <span class='ocrx_word' id='word_1_446' title='bbox 1124 4099 1226 4132; x_wconf 87' lang='lat' dir='ltr'>von</span> <span class='ocrx_word' id='word_1_447' title='bbox 1250 4084 1485 4134; x_wconf 84' lang='lat' dir='ltr'>Tiberius</span> 
     </span>
     <span class='ocr_line' id='line_1_57' title="bbox 427 4146 1479 4200; baseline 0.004 -5"><span class='ocrx_word' id='word_1_448' title='bbox 427 4146 684 4199; x_wconf 84' lang='lat' dir='ltr'>Gracchus</span> <span class='ocrx_word' id='word_1_449' title='bbox 709 4151 819 4200; x_wconf 90' lang='grc' dir='ltr'><strong>Το(1</strong></span> <span class='ocrx_word' id='word_1_450' title='bbox 844 4152 894 4200; x_wconf 90' lang='lat' dir='ltr'>in</span> <span class='ocrx_word' id='word_1_451' title='bbox 922 4151 1037 4200; x_wconf 89' lang='lat' dir='ltr'>dem</span> <span class='ocrx_word' id='word_1_452' title='bbox 1063 4151 1347 4200; x_wconf 86' lang='lat' dir='ltr'>bekannten</span> <span class='ocrx_word' id='word_1_453' title='bbox 1384 4151 1479 4200; x_wconf 90' lang='lat' dir='ltr'>ho-</span> 
     </span>
     <span class='ocr_line' id='line_1_58' title="bbox 428 4214 1480 4283; baseline 0.006 -21"><span class='ocrx_word' id='word_1_454' title='bbox 428 4214 710 4265; x_wconf 85' lang='lat' dir='ltr'>merischen</span> <span class='ocrx_word' id='word_1_455' title='bbox 757 4218 886 4267; x_wconf 86' lang='lat' dir='ltr'>Vers</span> <span class='ocrx_word' id='word_1_456' title='bbox 933 4216 1344 4283; x_wconf 81' lang='lat' dir='ltr'>ausgesproehen</span> <span class='ocrx_word' id='word_1_457' title='bbox 1387 4219 1480 4268; x_wconf 84' lang='lat' dir='ltr'>Od.</span> 
     </span>
    </p>
   </div>
   <div class='ocr_carea' id='block_1_8' title="bbox 1591 3491 2659 3912">
    <p class='ocr_par' dir='ltr' id='par_1_13' title="bbox 1591 3491 2657 3612">
     <span class='ocr_line' id='line_1_59' title="bbox 1591 3491 2657 3610; baseline -0.001 -68"><span class='ocrx_word' id='word_1_458' title='bbox 1591 3491 2111 3610; x_wconf 50' lang='lat' dir='ltr'>frissenschaftlichen</span> <span class='ocrx_word' id='word_1_459' title='bbox 2123 3491 2465 3557; x_wconf 85' lang='lat' dir='ltr'>Betrachtung</span> <span class='ocrx_word' id='word_1_460' title='bbox 2483 3500 2657 3542; x_wconf 89' lang='lat' dir='ltr'>unter-</span> 
     </span>
     <span class='ocr_line' id='line_1_60' title="bbox 1611 3576 1779 3612; baseline 0.012 -3"><span class='ocrx_word' id='word_1_461' title='bbox 1611 3576 1659 3611; x_wconf 86' lang='grc'>13</span> <span class='ocrx_word' id='word_1_462' title='bbox 1699 3577 1779 3612; x_wconf 87' lang='lat' dir='ltr'>en.</span> 
     </span>
    </p>

    <p class='ocr_par' dir='ltr' id='par_1_14' title="bbox 1593 3576 2659 3912">
     <span class='ocr_line' id='line_1_61' title="bbox 1659 3576 2654 3713; baseline -0.002 -17"><span class='ocrx_word' id='word_1_463' title='bbox 1659 3576 1795 3699; x_wconf 51' lang='lat' dir='ltr'>{atio</span> <span class='ocrx_word' id='word_1_464' title='bbox 1820 3654 1974 3713; x_wconf 80' lang='lat' dir='ltr'>atque</span> <span class='ocrx_word' id='word_1_465' title='bbox 2000 3645 2251 3702; x_wconf 81' lang='lat' dir='ltr'>doctrina,</span> <span class='ocrx_word' id='word_1_466' title='bbox 2280 3645 2362 3694; x_wconf 89' lang='lat' dir='ltr'>die</span> <span class='ocrx_word' id='word_1_467' title='bbox 2381 3652 2556 3708; x_wconf 84' lang='lat' dir='ltr'>streng</span> <span class='ocrx_word' id='word_1_468' title='bbox 2578 3642 2654 3694; x_wconf 87' lang='lat' dir='ltr'>lo·</span> 
     </span>
     <span class='ocr_line' id='line_1_62' title="bbox 1593 3711 2656 3780; baseline -0.004 -16"><span class='ocrx_word' id='word_1_469' title='bbox 1593 3715 1769 3780; x_wconf 84' lang='lat' dir='ltr'>gische</span> <span class='ocrx_word' id='word_1_470' title='bbox 1802 3716 1906 3765; x_wconf 90' lang='lat' dir='ltr'>und</span> <span class='ocrx_word' id='word_1_471' title='bbox 1952 3711 2443 3763; x_wconf 80' lang='lat' dir='ltr'>wissenschaftliche</span> <span class='ocrx_word' id='word_1_472' title='bbox 2477 3711 2656 3777; x_wconf 76' lang='lat' dir='ltr'>Regel-</span> 
     </span>
     <span class='ocr_line' id='line_1_63' title="bbox 1593 3779 2659 3848; baseline -0.004 -16"><span class='ocrx_word' id='word_1_473' title='bbox 1593 3783 1698 3846; x_wconf 82' lang='lat' dir='ltr'>vgl.</span> <span class='ocrx_word' id='word_1_474' title='bbox 1748 3779 1778 3848; x_wconf 77' lang='lat' dir='ltr'>S</span> <span class='ocrx_word' id='word_1_475' title='bbox 1820 3781 1921 3831; x_wconf 83' lang='lat'>217</span> <span class='ocrx_word' id='word_1_476' title='bbox 1980 3781 2228 3830; x_wconf 87' lang='lat' dir='ltr'>rationem</span> <span class='ocrx_word' id='word_1_477' title='bbox 2285 3779 2543 3843; x_wconf 89' lang='lat' dir='ltr'>quandam</span> <span class='ocrx_word' id='word_1_478' title='bbox 2589 3805 2659 3815; x_wconf 86' lang='lat'>—-</span> 
     </span>
     <span class='ocr_line' id='line_1_64' title="bbox 1595 3860 1874 3912; baseline -0.004 -12"><span class='ocrx_word' id='word_1_479' title='bbox 1595 3860 1874 3912; x_wconf 86' lang='lat' dir='ltr'>artemque.</span> 
     </span>
    </p>
   </div>
   <div class='ocr_carea' id='block_1_9' title="bbox 1591 3929 2659 4133">
    <p class='ocr_par' dir='ltr' id='par_1_15' title="bbox 1591 3929 2659 4133">
     <span class='ocr_line' id='line_1_65' title="bbox 1661 3929 2659 3999; baseline -0.006 -16"><span class='ocrx_word' id='word_1_480' title='bbox 1661 3949 1822 3999; x_wconf 81' lang='lat' dir='ltr'>neque</span> <span class='ocrx_word' id='word_1_481' title='bbox 1847 3932 1982 3984; x_wconf 77' lang='lat' dir='ltr'>absit</span> <span class='ocrx_word' id='word_1_482' title='bbox 2003 3933 2289 3998; x_wconf 79' lang='lat' dir='ltr'>quidquam,</span> <span class='ocrx_word' id='word_1_483' title='bbox 2315 3929 2556 3981; x_wconf 85' lang='lat' dir='ltr'>wodurch</span> <span class='ocrx_word' id='word_1_484' title='bbox 2576 3929 2659 3979; x_wconf 85' lang='lat' dir='ltr'>die</span> 
     </span>
     <span class='ocr_line' id='line_1_66' title="bbox 1593 3999 2658 4066; baseline -0.003 -16"><span class='ocrx_word' id='word_1_485' title='bbox 1593 4001 1864 4051; x_wconf 79' lang='lat' dir='ltr'>Definition</span> <span class='ocrx_word' id='word_1_486' title='bbox 1914 4016 1977 4051; x_wconf 83' lang='lat' dir='ltr'>zu</span> <span class='ocrx_word' id='word_1_487' title='bbox 2017 4000 2161 4060; x_wconf 87' lang='lat' dir='ltr'>weit,</span> <span class='ocrx_word' id='word_1_488' title='bbox 2211 4015 2374 4066; x_wconf 80' lang='lat' dir='ltr'>neque</span> <span class='ocrx_word' id='word_1_489' title='bbox 2414 3999 2658 4063; x_wconf 76' lang='lat' dir='ltr'>supersit,</span> 
     </span>
     <span class='ocr_line' id='line_1_67' title="bbox 1591 4064 2499 4133; baseline -0.003 -15"><span class='ocrx_word' id='word_1_490' title='bbox 1591 4066 1834 4118; x_wconf 85' lang='lat' dir='ltr'>wodurch</span> <span class='ocrx_word' id='word_1_491' title='bbox 1859 4069 1937 4118; x_wconf 87' lang='lat' dir='ltr'>sie</span> <span class='ocrx_word' id='word_1_492' title='bbox 1962 4084 2026 4118; x_wconf 87' lang='lat' dir='ltr'>zu</span> <span class='ocrx_word' id='word_1_493' title='bbox 2052 4082 2153 4133; x_wconf 84' lang='lat' dir='ltr'>eng</span> <span class='ocrx_word' id='word_1_494' title='bbox 2173 4068 2317 4118; x_wconf 86' lang='lat' dir='ltr'>wird.</span> <span class='ocrx_word' id='word_1_495' title='bbox 2354 4069 2386 4128; x_wconf 74' lang='lat' dir='ltr'>S</span> <span class='ocrx_word' id='word_1_496' title='bbox 2408 4064 2499 4116; x_wconf 83' lang='lat'>83.</span> 
     </span>
    </p>
   </div>
   <div class='ocr_carea' id='block_1_10' title="bbox 1588 4148 2654 4283">
    <p class='ocr_par' dir='ltr' id='par_1_16' title="bbox 1588 4148 2654 4283">
     <span class='ocr_line' id='line_1_68' title="bbox 1658 4148 2653 4220; baseline -0.002 -22"><span class='ocrx_word' id='word_1_497' title='bbox 1658 4158 1748 4220; x_wconf 72' lang='lat'>¹⁰9:</span> <span class='ocrx_word' id='word_1_498' title='bbox 1785 4152 2029 4208; x_wconf 73' lang='lat' dir='ltr'>dilatavit,</span> <span class='ocrx_word' id='word_1_499' title='bbox 2055 4152 2108 4201; x_wconf 88' lang='lat' dir='ltr'>in</span> <span class='ocrx_word' id='word_1_500' title='bbox 2128 4149 2518 4216; x_wconf 77' lang='lat' dir='ltr'>mannigfachen</span> <span class='ocrx_word' id='word_1_501' title='bbox 2533 4148 2653 4200; x_wconf 89' lang='lat' dir='ltr'>Um-</span> 
     </span>
     <span class='ocr_line' id='line_1_69' title="bbox 1588 4216 2654 4283; baseline 0.001 -18"><span class='ocrx_word' id='word_1_502' title='bbox 1588 4216 1960 4283; x_wconf 86' lang='lat' dir='ltr'>schreibungen</span> <span class='ocrx_word' id='word_1_503' title='bbox 1996 4220 2093 4269; x_wconf 88' lang='lat' dir='ltr'>den</span> <span class='ocrx_word' id='word_1_504' title='bbox 2119 4217 2285 4267; x_wconf 88' lang='lat' dir='ltr'>Inhalt</span> <span class='ocrx_word' id='word_1_505' title='bbox 2320 4217 2410 4267; x_wconf 85' lang='lat' dir='ltr'>des</span> <span class='ocrx_word' id='word_1_506' title='bbox 2436 4216 2654 4281; x_wconf 79' lang='lat' dir='ltr'>Begriffs</span> 
     </span>
    </p>
   </div>
  </div>
 </body>
</html>
