2930 4693
978 203 1075 265 DE
1106 200 1460 266 ORATORE
1490 201 1569 263 111
1612 200 1670 265 2.
1708 209 1877 261 4-6.

2406 207 2538 270 227

321 382 521 437 nmen
551 374 813 434 omnium
843 389 1137 437 consensu
1164 373 1249 432 sic
1279 388 1408 432 esse
1435 371 1785 443 iudicatum,
1818 377 2048 433 ceteros
2078 390 2111 432 a
2139 372 2348 434 Crasso
2377 392 2536 435 sem-

322 477 433 541 per
460 476 694 529 omnes„
724 456 824 519 illo
855 464 1051 519 autem
1083 456 1177 517 die
1208 458 1381 518 etiam
1411 456 1605 535 ipsum
1639 475 1669 517 a
1701 475 1765 517 se
1796 464 2157 536 superatum.
2201 457 2539 536 Deploravit

322 546 482 606 enim
512 560 713 604 casum
742 550 916 623 atque
945 540 1258 603 orbitatem
1289 549 1555 609 senatus,
1600 543 1766 601 cuius
1793 541 2021 602 ordinis
2060 558 2094 602 a
2124 542 2391 613 consule,
2434 544 2540 623 qui

319 629 492 710 quasi
518 644 736 709 parens
763 626 956 688 bonus
986 635 1086 687 aut
1113 633 1274 687 tutor
1301 623 1492 687 fidelis
1520 643 1650 687 esse
1680 624 1953 696 deberet,
1994 633 2294 706 tamquam
2325 626 2399 687 ab
2431 627 2537 688 ali·

320 732 442 794 quo
481 712 709 773 nefario
747 710 1049 792 praedone
1087 708 1444 790 diriperetur
1490 710 1907 790 patrimonium
1960 710 2285 789 dignitatis;
2345 728 2539 792 neque

322 817 464 859 vero
494 814 625 859 esse
652 794 1007 865 mirandum,
1038 796 1108 863 si,
1140 812 1276 856 cum
1304 796 1427 856 suis
1456 793 1718 855 consiliis
1747 813 1874 857 rem
1903 793 2199 875 publicam
2230 795 2539 876 profligas-

320 894 443 954 set,
474 880 782 943 consilium
812 886 1050 942 senatus
1080 898 1110 941 a
1141 896 1209 941 re
1237 878 1472 959 publica
1501 879 1858 959 repudiaret.
1917 880 2028 940 Hic
2058 898 2192 941 cum
2222 876 2450 942 homini
2479 887 2539 941 et
2578 888 2618 938 4

323 967 662 1047 vehementi
689 972 749 1026 et
776 965 998 1026 diserto
1028 972 1087 1026 et
1122 965 1187 1024 in
1228 964 1436 1043 primis
1475 963 1618 1024 forti
1657 963 1730 1024 ad
1770 963 2191 1035 resistendum,
2246 964 2540 1045 Philippo,

322 1052 496 1133 quasi
523 1051 802 1131 quasdam
836 1048 1151 1110 verborum
1182 1048 1341 1110 faces
1370 1048 1739 1118 admovisset,
1772 1066 1894 1109 non
1921 1048 2056 1110 tulit
2079 1048 2180 1110 ille
2205 1057 2264 1111 et
2286 1052 2544 1128 graviter

328 1137 550 1197 exarsit
570 1134 1036 1216 pignoribusque
1066 1132 1275 1195 ablatis
1304 1133 1580 1195 Crassum
1610 1134 1863 1194 instituit
1891 1138 2191 1195 coercere.
2252 1134 2381 1206 Quo
2411 1136 2542 1215 qui·

325 1221 465 1282 dem
493 1222 623 1300 ipso
649 1221 714 1280 in
742 1218 872 1280 loco
899 1217 1083 1280 multa
1110 1237 1144 1280 a
1174 1218 1385 1280 Crasso
1415 1216 1693 1278 divinitus
1731 1216 1885 1279 dicta
1927 1217 2354 1290 efferebantur,
2407 1237 2543 1280 cum

324 1305 442 1367 sibi
468 1304 635 1366 illum
665 1303 966 1366 consulem
996 1321 1125 1365 esse
1155 1310 1429 1382 negaret,
1461 1304 1558 1364 cui
1587 1309 1826 1363 senator
1853 1303 1981 1382 ipse
2012 1321 2133 1364 non
2164 1312 2337 1366 esset.
2426 1305 2540 1364 ‘An

326 1398 424 1461 tu,
468 1408 603 1451 cum
644 1406 882 1451 omnem
914 1389 1323 1449 auctoritatem
1351 1388 1613 1448 universi
1643 1386 1868 1447 ordinis
1896 1406 2008 1466 pro
2037 1389 2288 1467 pignore
2317 1389 2544 1467 putaris

330 1491 576 1554 eamque
602 1474 667 1534 in
697 1480 1019 1553 conspectu
1046 1471 1252 1552 populi
1279 1472 1530 1532 Romani
1560 1470 1918 1541 concideris,
1969 1490 2066 1532 me
2109 1473 2202 1533 his
2245 1473 2545 1534 existimas

325 1558 677 1640 pignoribus
703 1558 957 1619 terreri?
1027 1554 1159 1618 Non
1188 1555 1296 1617 tibi
1320 1554 1424 1616 illa
1452 1563 1591 1617 sunt
1620 1555 1950 1627 caedenda,
1981 1557 2031 1616 si
2058 1555 2125 1617 L.
2157 1557 2431 1619 Crassum
2459 1557 2548 1616 vis

327 1648 641 1712 coercere;
693 1643 844 1705 haec
894 1642 1001 1703 tibi
1049 1648 1140 1701 est
1183 1639 1507 1702 excidenda
1550 1639 1780 1718 lingua,
1834 1659 1948 1720 qua
1989 1639 2079 1700 vel
2111 1640 2306 1703 evulsa
2336 1643 2547 1721 spiritu

325 1730 457 1808 ipso
485 1727 793 1789 libidinem
819 1734 982 1788 tuam
1012 1724 1254 1786 libertas
1281 1742 1412 1785 mea
1454 1723 1780 1785 refutabit?
1865 1725 2163 1786 Permulta
2204 1732 2330 1786 tum
2375 1725 2548 1786 vehe-
2575 1718 2621 1792 2
2640 1728 2678 1781 5

327 1813 692 1874 mentissima
734 1811 1113 1872 contentione
1154 1811 1360 1881 animi,
1413 1810 1664 1888 ingenii,
1717 1809 1930 1870 virium
1984 1809 2055 1871 ab
2108 1827 2178 1870 eo
2221 1810 2375 1871 dieta
2419 1827 2549 1871 esse

328 1894 636 1957 constabat
678 1895 1147 1974 sententiamque
1177 1912 1337 1964 eam,
1391 1911 1564 1974 quam
1596 1902 1833 1954 senatus
1862 1894 2143 1974 frequens
2172 1901 2409 1956 secutus
2439 1901 2546 1964 est,

328 1981 720 2041 ornatissimis
748 1987 808 2040 et
835 1979 1193 2058 gravissimis
1224 1978 1445 2040 verbis:
1508 1979 1608 2040 ‘Ut
1635 1977 1853 2058 populo
1882 1979 2150 2041 Romano
2190 1981 2331 2040 satis
2359 1979 2548 2049 fieret,

328 2082 651 2145 numquam
681 2071 918 2125 senatus
947 2081 1140 2144 neque
1183 2062 1493 2125 consilium
1546 2064 1636 2124 rei
1685 2061 1956 2143 publicae
1996 2082 2198 2144 neque
2228 2064 2404 2124 iidem
2447 2062 2550 2124 de-

328 2151 568 2219 fuisse?
620 2147 694 2210 ab
724 2167 796 2210 eo
828 2148 1041 2209 dictam
1072 2156 1133 2208 et
1162 2148 1445 2220 eundem,
1500 2148 1559 2209 id
1601 2148 1759 2228 quod
1798 2150 1861 2209 in
1904 2147 2346 2209 auctoritatibus
2374 2165 2550 2228 prae-

330 2236 567 2316 scriptis
596 2241 801 2305 exstat,
833 2231 1148 2295 scribendo
1179 2232 1454 2294 adfuisse.
1512 2232 1616 2293 Illa
1646 2239 1945 2314 tamquam
1976 2250 2194 2319 cycnea
2225 2232 2337 2293 suit
2365 2230 2549 2294 divini
2587 2240 2627 2294 6

399 2469 511 2505 esee
533 2452 805 2503 iudicatum
823 2479 887 2491 ——-
908 2453 997 2503 der
1015 2453 1314 2517 Uebergang
1336 2453 1390 2501 in

331 2521 416 2572 die
440 2528 567 2571 orat.
605 2520 757 2583 obliq.
805 2519 992 2585 (daher
1025 2518 1156 2568 auch
1206 2534 1386 2582 quam·

330 2603 486 2653 qnam
515 2613 585 2623 —
617 2586 942 2653 contigisset)
980 2586 1139 2636 durch
1164 2587 1262 2636 den
1289 2586 1387 2636 Ne·

329 2658 542 2706 bensatz
575 2665 633 2704 ut
671 2662 908 2706 constare
951 2656 1057 2703 vidi
1089 2654 1390 2716 veranlasst,

332 2724 423 2773 der
439 2720 599 2772 durch
620 2723 734 2771 eine
752 2724 844 2771 Art
862 2723 1140 2772 Attraction
1167 2718 1290 2785 (wie
1314 2722 1392 2772 sie

329 2792 385 2841 in
418 2788 742 2855 dergleichen
777 2789 1213 2840 Zwischensatzen
1259 2805 1304 2839 z.
1330 2789 1390 2839 B.

330 2859 416 2909 bei
440 2865 501 2907 ut
520 2858 689 2923 placet
713 2856 854 2907 nicht
883 2871 943 2908 so
979 2857 1139 2907 selteu
1173 2857 1263 2917 ist)
1297 2857 1390 2908 das

330 2927 712 2992 Hauptverbnm
743 2939 844 2975 von
878 2924 988 2975 sich
1023 2924 1280 2990 abhdngig
1302 2939 1393 2990 ge·

331 2994 504 3044 maeht
524 2992 628 3043 hat.

394 3063 752 3127 patrimonica:
782 3062 1051 3127 dignitatis
1091 3086 1156 3098 —-·
1198 3060 1275 3110 als
1309 3061 1394 3110 ein

331 3128 527 3195 Begriff
549 3145 611 3178 zu
634 3128 825 3191 famen,
850 3143 950 3178 von
968 3128 1086 3178 dem
1110 3128 1245 3179 daun
1270 3128 1392 3177 wie-

332 3197 424 3247 der
447 3197 593 3246 cuius
617 3197 728 3246 ord.
751 3196 1010 3261 abhaugig
1030 3197 1115 3245 ist.

400 3272 443 3313 4.
479 3263 752 3324 verborum
770 3263 943 3326 facea,
981 3263 1141 3319 1151,
1175 3272 1254 3313 205
1298 3261 1397 3311 hae

335 3330 540 3381 dicendi
555 3330 711 3380 faces.
726 3332 1125 3396 pignoribusque
1138 3330 1339 3393 ablatis,
1357 3345 1399 3380 s.

337 3399 449 3449 ind.
471 3398 702 3465 pignoris
726 3398 889 3463 capio,
926 3400 1181 3456 divinitus,
1209 3399 1229 3448 1
1254 3397 1303 3460 7,
1328 3407 1398 3453 28.

403 3482 515 3516 cum
536 3476 632 3516 etc.
655 3464 827 3515 Valer.
840 3465 976 3516 Max.
989 3463 1062 3515 vt
1079 3467 1132 3528 2,
1151 3475 1177 3514 2
1200 3465 1258 3515 L.
1277 3479 1397 3515 vero

333 3533 602 3600 Philippus
621 3532 801 3583 consul
816 3533 1063 3583 adversus
1081 3537 1301 3583 eundem
1320 3546 1401 3582 or·

335 3603 508 3653 dinem
533 3598 635 3666 (sc.
656 3600 914 3667 senatum)
939 3601 1221 3651 libertatem
1248 3616 1398 3650 exer·

336 3685 454 3720 cere
488 3684 587 3719 nou
621 3669 889 3720 dubitavit.
960 3668 1086 3719 Nam
1128 3669 1397 3733 segnitiem

335 3751 429 3804 pro
453 3739 630 3788 rostris
647 3737 963 3803 exprobrans
982 3737 1078 3787 alio
1097 3737 1193 3788 sibi
1218 3746 1398 3787 senatu

337 3820 472 3871 opus
495 3821 611 3860 esse
636 3806 788 3864 dixit3
822 3812 1122 3867 tantumque
1156 3804 1398 3922 acpoeni·

337 3873 496 3923 tentia
519 3872 639 3922 dicti
662 3872 839 3931 abfuit,
864 3883 920 3923 ut
945 3874 1097 3922 etiam
1115 3871 1172 3923 L.
1236 3886 1396 3931 rasso,

337 3955 565 3990 summae
584 3940 848 4005 dignitatis
866 3950 916 3990 et
934 3941 1251 4004 eloquentiae
1270 3940 1396 4001 vire,

337 4008 391 4058 id
413 4009 463 4057 in
490 4009 632 4057 curia
654 4008 874 4073 graviter
896 4008 1075 4058 ferenti
1107 4024 1300 4058 manum
1323 4009 1399 4057 in-

336 4078 430 4126 iias
458 4077 670 4127 iuberet.
725 4075 820 4124 ine
855 4077 1039 4126 reiecto
1074 4079 1252 4127 lictore
1285 4075 1397 4125 Non

340 4158 415 4203 es,
441 4144 619 4206 inquit,
643 4142 781 4205 mihi,
792 4143 1041 4210 philippe,
1063 4144 1257 4207 consul,
1280 4144 1397 4205 quia

338 4226 436 4261 nec
476 4226 571 4277 ego
613 4212 818 4274 quidem
871 4212 963 4261 tibi
1016 4221 1220 4261 senator
1262 4225 1396 4262 sum.

1492 2452 1661 2513 Quint.
1687 2452 1783 2501 VII
1806 2450 1866 2514 3,
1892 2460 1943 2501 89
1977 2466 2070 2517 ego
2095 2460 2145 2502 te
2168 2452 2430 2503 consulem
2454 2468 2555 2518 pu-

1491 2529 1611 2578 tem,
1633 2534 1747 2569 cum
1768 2528 1823 2569 tu
1842 2534 1922 2568 me
1941 2534 2039 2569 non
2060 2532 2211 2584 putes
2232 2523 2554 2571 senatorem?

1555 2603 1658 2652 pro
1677 2589 1895 2653 piynore
1921 2613 1984 2623 —
2008 2588 2084 2637 als
2109 2589 2350 2637 konutest
2374 2588 2444 2637 du
2468 2588 2554 2637 die

1492 2657 1766 2704 auctoritas
1801 2663 2007 2704 senatus
2043 2654 2326 2705 beliandeln
2350 2656 2445 2704 wie
2471 2656 2554 2705 ein

1492 2722 1875 2789 geringfiigiges
1899 2722 2363 2788 Prandungsstfick.

1561 2791 1871 2851 concideris,
1897 2791 1989 2838 mit
2016 2791 2337 2856 Auspielung
2358 2790 2453 2840 auf
2470 2791 2557 2841 die

1493 2859 1804 2923 Zerstiirung
1822 2859 1944 2908 oder
1959 2857 2440 2924 Wertlosmachung
2461 2859 2556 2909 des

1492 2925 2116 3041 vepfallenenPfandguts.
2141 2929 2230 2977 illa
2253 2942 2326 2977 sc.
2342 2928 2558 2993 pignora

1493 2995 1559 3044 ab
1581 3004 1680 3043 ata.

1562 3062 1773 3112 libertae
1794 3077 1905 3112 mea
1927 3085 1984 3097 -—
2006 3062 2091 3111 die
2113 3063 2211 3111 mir
2225 3075 2326 3111 von
2344 3059 2559 3111 Rechts·

1496 3144 1673 3194 wegen
1713 3130 1974 3180 zukommt
2005 3145 2057 3178 u.
2084 3130 2169 3179 die
2191 3128 2274 3177 ich
2298 3131 2393 3178 mir
2416 3127 2559 3178 nicht

1500 3196 1715 3246 nehmen
1749 3197 1913 3256 lasse,
1945 3198 2015 3245 im
2041 3195 2327 3262 Gegeusatz
2364 3211 2429 3246 zu
2464 3195 2559 3246 der

1498 3264 1917 3314 consularischen
1950 3264 2173 3313 Willkiir
2219 3264 2325 3314 und
2366 3264 2559 3329 Eigen-

1501 3331 1688 3381 macht.

1568 3401 1627 3460 2,
1653 3409 1693 3449 5.
1738 3404 1941 3449 secutus
1972 3404 2076 3460 est,
2109 3398 2443 3462 beigetreten,
2478 3396 2560 3448 als

1500 3467 1832 3531 Erwiderung
1885 3466 2030 3529 jener
2076 3466 2409 3530 Aeusserung
2466 3464 2558 3514 des

1502 3534 1719 3586 Consule
1743 3535 1794 3582 in
1820 3533 1910 3582 der
1926 3532 2113 3582 contio.
2150 3534 2485 3583 ornatissimis
2509 3537 2564 3583 et

1495 3603 1807 3666 pravissimis
1837 3601 2029 3662 verbis,
2077 3599 2256 3666 gehdrt
2300 3616 2364 3650 zu
2396 3600 2461 3651 ab
2497 3614 2559 3651 eo

1500 3671 1652 3720 dicta.

1572 3738 1641 3787 Ut
1656 3738 1845 3801 populo
1868 3736 2093 3787 Romano
2107 3772 2121 3798 ,
2146 3736 2238 3785 mit
2260 3734 2563 3785 Nachdrnck

1498 3804 1861 3869 vorangestellt
1904 3804 2000 3867 (im
2034 3802 2318 3868 Gegensatz
2362 3819 2426 3852 zu
2463 3802 2560 3853 deu

1499 3874 1783 3923 lutet-essen
1812 3872 1950 3921 eines
1975 3868 2403 3935 selbstsiichtigen
2425 3869 2562 3921 Con-

1500 3939 1635 4001 sule,
1684 3939 1767 3995 die
1815 3954 1878 3988 zu
1927 3938 2236 4003 berriedigen
2282 3938 2372 3987 der
2406 3936 2565 3987 Seuat

1500 4005 1640 4057 nicht
1654 4006 1862 4057 heruteu
1884 4007 1987 4069 ist).
2008 4006 2393 4057 auetoritatibus
2408 4020 2566 4071 prae-

1498 4076 1738 4139 eerz‘ptia,
1764 4089 1806 4124 s.
1834 4074 1940 4123 iud.

1568 4151 1609 4192 6.
1647 4157 1841 4208 cyynea
1862 4157 1980 4201 vox,
2006 4140 2134 4191 nach
2162 4142 2252 4192 der
2273 4139 2564 4192 bstannten

1501 4209 1634 4276 Sag-e
1667 4224 1786 4260 vom
1820 4208 2314 4277 Schwanengesang.
2376 4208 2563 4259 Aesch.
