2930 4693
440 218 522 282 92
1061 211 1161 276 DE
1191 210 1549 276 ORATORE
1576 211 1602 273 1
1633 211 1735 276 60.
1764 218 1885 272 254.
1921 219 2041 272 255.

439 385 893 467 pragmatici
923 388 1221 446 vocantur.
1281 382 1349 444 In
1376 401 1496 464 quo
1525 383 1716 446 nostri
1743 383 1986 445 omnino
2016 381 2228 445 melius
2257 381 2473 457 multo,
2508 384 2670 466 quod
2710 448 2721 465 ‚

442 471 906 533 clarissimorum
935 470 1243 532 hominum
1274 470 1623 530 auctoritate
1666 468 1827 548 leges
1869 475 1928 530 et
1956 470 2086 530 iura
2120 476 2275 530 tecta
2306 488 2435 531 esse
2466 470 2667 533 volue-

439 565 598 618 runt.
647 555 764 618 Sed
794 563 993 617 tamen
1023 573 1141 617 non
1174 555 1420 634 fugisset
1447 554 1563 614 hoc
1595 554 1853 615 Graecos
1895 554 2196 626 homineS,
2230 556 2281 615 si
2310 556 2392 616 ita
2422 573 2668 618 necesse

441 660 569 703 esse
599 641 867 703 arbitrati
896 648 1111 711 essent,
1144 646 1442 701 oratorem
1484 640 1679 721 ipsum
1711 638 1949 701 erudire
1977 641 2041 700 in
2068 641 2199 701 iure
2230 639 2410 712 civili,
2460 658 2581 703 non
2613 642 2669 702 ei

438 728 869 807 pragmaticum
901 725 1229 787 adiutorem
1262 724 1425 786 dare.

270 810 354 883 60
366 818 470 869 254
641 813 789 874 Nam
821 810 980 891 quod
1010 810 1157 871 dicis
1186 815 1554 872 senectutem
1585 827 1619 870 a
1648 808 1964 870 solitudine
1996 809 2279 871 vindicari
2307 812 2454 872 iuris
2483 811 2670 873 civilis

439 892 706 968 scientia,
739 896 993 957 fortasse
1024 897 1200 956 etiam
1239 896 1526 975 pecuniae
1568 893 1990 974 magnitudine.
2063 894 2181 956 Sed
2225 913 2332 957 nos
2362 914 2484 958 non
2523 894 2668 977 quid

439 981 611 1044 nohis
643 980 801 1053 utile,
830 999 1037 1042 verum
1068 979 1210 1060 quid
1241 981 1467 1041 oratori
1494 982 1892 1041 necessarium
1923 981 1998 1041 sit
2027 982 2386 1061 quaerimus
2448 981 2669 1054 Quam-

439 1085 638 1148 quam,
670 1067 950 1147 quoniam
980 1064 1164 1127 multa
1195 1064 1269 1125 ad
1299 1066 1554 1126 oratoris
1584 1064 2030 1126 similitudinem
2063 1065 2135 1127 ah
2166 1084 2286 1128 uno
2316 1066 2542 1128 artifice
2569 1085 2668 1130 su·

439 1154 687 1224 mimuS,
721 1151 873 1213 solet
898 1150 1060 1212 idem
1090 1151 1339 1212 Roscius
1368 1149 1571 1211 dicere
1602 1168 1696 1222 se,
1731 1167 1849 1229 quo
1878 1149 2011 1230 plus
2041 1149 2155 1212 sibi
2184 1153 2391 1212 aetatis
2422 1152 2669 1213 accede-

437 1244 563 1307 ret,
597 1255 668 1298 eo
697 1236 993 1298 tardiores
1036 1234 1296 1297 tibicinis
1337 1234 1548 1297 modos
1590 1243 1651 1296 et
1679 1244 1887 1298 cantus
1917 1237 2288 1297 remissiores
2320 1254 2448 1297 esse
2479 1237 2668 1298 factu·

438 1340 592 1382 rum.
645 1321 868 1395 Quodsi
899 1319 1002 1382 ille
1038 1321 1313 1382 astrictus
1350 1327 1513 1382 certa
1542 1319 1794 1401 quadam
1832 1338 2217 1383 numerorum
2262 1321 2669 1383 moderatione

438 1413 499 1467 et
524 1406 775 1486 pedum,
818 1414 1018 1468 tamen
1061 1404 1282 1486 aliquid
1323 1404 1396 1466 ad
1439 1407 1707 1486 requiem
1737 1407 2055 1467 senectutis
2085 1408 2404 1485 excogitat,
2448 1414 2669 1487 quanto

304 1505 408 1558 255
439 1490 667 1553 facilius
696 1510 807 1553 nos
836 1510 958 1552 non
988 1490 1187 1552 laxare
1216 1489 1454 1562 modOS,
1488 1490 1593 1552 sed
1621 1498 1777 1552 totos
1807 1497 2037 1552 mutare
2058 1493 2408 1571 possumus?
2457 1492 2664 1572 Neque

439 1579 596 1638 enim
627 1576 742 1639 hoc
772 1586 860 1648 te,
905 1577 1141 1647 Crasse,
1187 1575 1359 1646 fallit,
1393 1594 1570 1656 quam
1601 1575 1784 1638 multa
1814 1578 1931 1637 sint
1960 1583 2020 1638 et
2048 1596 2225 1656 quam
2254 1579 2413 1638 varia
2447 1594 2667 1655 genera

438 1661 705 1737 dicendi,
736 1661 798 1724 id
830 1662 989 1744 quod
1018 1659 1177 1724 haud
1206 1663 1418 1733 sciam,
1452 1679 1529 1722 an
1559 1668 1622 1722 tu
1644 1663 1873 1741 primus
1902 1661 2261 1734 ostenderis,
2294 1663 2395 1743 qui
2415 1663 2534 1724 iam
2566 1662 2669 1723 diu

1673 1863 2051 1931 Quamquam—
2075 1864 2206 1915 doch
2231 1880 2288 1916 so
2314 1865 2547 1916 schlimm
2573 1866 2668 1917 ists

1603 1932 1733 1983 auch
1767 1931 1906 1983 nicht
1938 1933 2031 1983 mit
2065 1933 2155 1984 der
2186 1933 2367 1984 friihen
2404 1944 2668 1996 senectus;

1604 2001 1693 2051 der
1702 2001 1844 2051 Redn
1852 2017 1905 2051 er
1916 2000 2129 2051 braucht
2140 2018 2251 2064 nur,
2265 2002 2359 2052 wie
2372 2002 2461 2052 der
2473 2001 2639 2053 Schnu
2647 2030 2667 2041 ·

1603 2068 1806 2134 spieler,
1832 2070 1913 2119 bei
1936 2071 2358 2136 vorgeriickteren
2371 2069 2556 2121 Jahren
2585 2071 2671 2121 die

1604 2135 1775 2187 Saiten
1801 2144 1957 2187 etwas
1974 2138 2204 2202 gelinder
2224 2154 2286 2188 ιιι
2305 2140 2542 2189 stimmen
2560 2141 2670 2189 und

1604 2204 1753 2254 einen
1789 2204 1982 2254 andern
2018 2205 2127 2256 Ton
2163 2205 2570 2273 anznschlagen‚
2608 2222 2668 2257 so

1602 2270 1725 2337 geht
1749 2288 1802 2321 er
1826 2271 1955 2322 noch
1975 2273 2127 2339 lange
2149 2274 2262 2325 mit.

1670 2357 1731 2392 eo
1756 2341 2032 2393 tardiores.
2057 2341 2132 2392 De
2143 2341 2275 2408 legg.
2291 2342 2374 2407 14,
2390 2353 2437 2393 11
2452 2341 2669 2410 (spricht

438 1866 518 1916 nis
554 1867 645 1916 des
680 1863 1108 1930 einschlagenden
1144 1864 1502 1916 Rechtsmate-

434 1933 554 1983 rials
589 1931 731 1998 (iura
755 1940 804 1982 et
826 1932 995 1997 leges)
1029 1933 1345 1997 bewandert,
1383 1935 1502 1983 mit-

436 2000 534 2050 tels
576 2000 667 2050 der
701 1999 1078 2066 fachmae'issigen
1102 2000 1501 2067 Beschfiftigung

434 2067 649 2134 geborig
693 2068 954 2119 instruiert
1008 2069 1116 2119 und
1182 2067 1503 2134 sachkundig

434 2133 496 2202 (S
525 2135 637 2188 104.
665 2134 780 2187 191.
815 2135 933 2190 238.
967 2136 1091 2198 242)
1124 2136 1236 2186 sein
1270 2139 1498 2197 miissen,

437 2219 523 2253 um
548 2203 706 2254 demit
730 2204 847 2255 dem
869 2205 1089 2266 Redner,
1115 2204 1206 2254 der
1230 2205 1329 2254 viel
1347 2203 1502 2254 wich-

436 2273 622 2337 tigeres
651 2287 716 2322 zu
740 2272 868 2322 thun
891 2271 1003 2334 hat,
1042 2272 1119 2322 als
1144 2272 1251 2321 sich
1277 2274 1368 2322 mit
1392 2272 1500 2323 die-

437 2356 547 2392 sem
572 2341 969 2392 zeitraubenden
995 2334 1101 2391 und
1124 2339 1256 2391 doch
1281 2342 1352 2392 im
1376 2356 1501 2407 gan-

437 2423 531 2458 zen
557 2407 700 2458 mehr
709 2408 1100 2460 mechanischen
1110 2407 1383 2459 Geschiit'te
1406 2411 1497 2460 ab·

437 2477 699 2542 zugeben‚
734 2476 958 2543 sogleich
985 2477 1068 2528 die
1091 2477 1298 2542 notigen
1321 2478 1499 2528 Hand-

434 2542 810 2610 langerdienste
820 2545 880 2595 lei
887 2553 999 2596 sten
1011 2561 1077 2596 zu
1086 2545 1307 2614 konnen.
1323 2545 1498 2606 Quint.

434 2611 532 2663 ΧΠ
557 2611 618 2673 3,
643 2621 669 2662 4
706 2629 870 2678 neque
896 2627 989 2680 ego
1014 2629 1130 2664 sum
1155 2614 1318 2664 nostri
1340 2614 1498 2664 moris

432 2681 643 2744 ignarus
667 2682 922 2733 oblitusve
946 2697 1135 2743 eorum,
1160 2682 1247 2746 qui
1270 2682 1411 2732 velut
1433 2682 1501 2733 ad

432 2748 632 2798 arculas
666 2750 847 2800 sedent
881 2760 930 2800 et
964 2750 1064 2800 tela
1087 2750 1358 2815 agentibus
1380 2750 1503 2802 sub-

431 2817 733 2879 ministrant,
747 2832 911 2881 neque
921 2818 1059 2867 idem
1072 2817 1290 2870 Graecos
1302 2833 1507 2883 quoque

435 2883 607 2933 nescio
654 2883 942 2945 factitasse,
1001 2887 1140 2936 unde
1185 2900 1369 2937 nomen
1419 2886 1501 2937 his

429 2954 860 3017 pragmaticorum
883 2951 1059 3004 datum
1085 2959 1180 3003 est.

500 3054 653 3103 multo
674 3055 851 3104 melius
883 3068 957 3104 sc.
993 3053 1248 3117 fecerunt,
1284 3055 1382 3105 wie
1417 3056 1502 3106 die

433 3120 763 3186 Auslassung
786 3121 877 3172 des
887 3120 1053 3173 Verbs
1071 3122 1126 3172 in
1144 3122 1353 3174 solcheu
1374 3123 1499 3174 viel-

432 3187 790 3253 gebrauchten,
801 3189 1071 3255 allgemein
1088 3190 1500 3242 verstdndlichen

432 3256 775 3323 Wendungen
801 3257 976 3323 hiiufig
998 3258 1065 3308 ist
1087 3259 1155 3309 ad
1179 3259 1284 3310 Att.
1297 3258 1421 3309 XVI
1435 3258 1499 3309 12

432 3324 526 3376 sed
550 3325 675 3388 quid
696 3326 787 3376 tibi
813 3325 1014 3376 dicam?
1047 3328 1238 3377 bonum
1269 3328 1497 3378 animum

461 3392 765 3457 habeamus)
789 3394 888 3444 XV
911 3395 1006 3457 20,
1032 3403 1057 3445 3
1090 3395 1183 3445 sed
1205 3404 1317 3446 acta
1340 3396 1499 3448 missa

458 3459 750 3524 faciamus).

500 3561 602 3596 non
627 3546 875 3611 fuyisset,
909 3547 985 3597 sie
1019 3548 1226 3598 wiirden
1261 3563 1316 3599 es
1359 3549 1498 3600 nicht

430 3615 692 3663 versfiumt
714 3613 897 3677 haben,
912 3623 1171 3667 oratorem
1195 3619 1358 3683 ipsum
1380 3633 1497 3669 eru·

433 3683 574 3743 dire,
601 3696 705 3733 non
728 3708 792 3719 —
828 3684 986 3744 dare,
1020 3700 1108 3734 um
1142 3685 1234 3735 des
1259 3684 1495 3736 scharfen

433 3747 779 3815 Ge'gensatzes
804 3750 990 3814 willen,
1020 3753 1073 3801 in
1099 3752 1215 3803 dem
1241 3752 1365 3804 Sinn
1394 3769 1496 3805 von

432 3832 600 3881 neque
624 3832 742 3869 vero
769 3818 1034 3870 dedissent
1062 3818 1311 3888 (Graeci).

498 3898 593 3960 60,
626 3910 719 3952 254.
772 3903 1005 3966 fortasse
1051 3906 1202 3956 etiam
1240 3908 1496 3971 pecuniae

429 3970 768 4033 multitudine,
793 3987 868 4022 sc.
895 3973 1192 4023 vindicatur.
1242 3973 1332 4024 Mit
1350 3975 1490 4025 dem-

432 4036 604 4086 selben
647 4037 811 4089 Recht
859 4041 1050 4091 konnte
1101 4055 1221 4092 man
1261 4042 1495 4110 behaup-

432 4111 547 4164 ten,
607 4119 661 4154 es
702 4106 890 4170 gehiire
939 4124 1058 4158 zum
1078 4109 1326 4172 ·Redner,
1380 4110 1492 4161 sich

433 4166 562 4219 Geld
588 4185 652 4220 ιιι
673 4172 997 4240 machen‚um
1011 4176 1086 4227 im
1108 4177 1252 4228 Alter
1261 4179 1494 4233 &eunde

434 4252 500 4287 zu
523 4233 709 4289 haben.

1601 2409 1800 2460 Atticus
1837 2423 1901 2459 zu
1941 2407 2144 2476 Cicero)
2175 2412 2332 2473 Atqui
2353 2426 2559 2475 vereor,
2603 2428 2669 2462 ne

1600 2477 1750 2527 istam
1797 2492 2003 2528 causam
2051 2493 2201 2529 nemo
2250 2489 2430 2531 noscat
2473 2480 2668 2543 tibique

1598 2560 1799 2610 semper
1846 2546 2108 2596 dicendum
2142 2547 2238 2611 sit3
2289 2556 2338 2597 et
2385 2563 2445 2598 eo
2480 2548 2668 2613 magis,

1603 2614 1744 2677 quod
1774 2621 1824 2662 te
1846 2614 1961 2679 ipse
1983 2617 2188 2665 mutasti
2220 2623 2268 2665 et
2301 2616 2441 2666 aliud
2464 2616 2669 2666 dicendi

1602 2681 1869 2736 instituisti
1900 2696 2092 2747 genus3
2125 2689 2206 2745 ut,
2243 2684 2669 2745 quemadmodum

1605 2749 1843 2813 Roscius,
1871 2749 2134 2802 familiaris
2158 2760 2301 2812 tuus,
2335 2754 2390 2803 in
2410 2760 2670 2804 senectute

1609 2833 1842 2869 numeros
1863 2819 1917 2869 in
1939 2825 2092 2869 cantu
2113 2821 2401 2884 reciderat,
2426 2822 2670 2888 ipsasque

1611 2888 1869 2936 tardiores
1887 2886 2094 2950 fecerat
2116 2888 2284 2951 tibias,
2312 2889 2385 2938 sic
2408 2898 2464 2939 tu
2488 2903 2519 2938 a
2542 2903 2667 2940 con-

1603 2954 1941 3016 tentionibus,
1973 2955 2156 3018 quibus
2180 2958 2398 3007 summis
2430 2957 2507 3008 uti
2531 2957 2667 3007 sole-

1603 3022 1726 3084 bas,
1761 3022 1947 3072 cotidie
1979 3025 2190 3075 relaaees
2222 3024 2440 3087 aliquid,
2479 3034 2534 3075 nt
2564 3026 2669 3075 iam

1603 3089 1762 3139 oratio
1797 3096 1888 3159 tua
1910 3105 2010 3141 non
2035 3091 2250 3142 multum
2276 3108 2306 3142 a
2327 3091 2670 3159 philosopho-

1601 3171 1715 3206 rum
1758 3156 1966 3208 lenitate
2006 3160 2155 3209 absit.
2216 3160 2365 3220 Quod
2412 3163 2671 3212 sustinere

1603 3239 1718 3274 cum
1741 3225 1823 3275 vel
1847 3241 2046 3276 summa
2063 3236 2299 3279 senectus
2318 3242 2474 3295 posse
2493 3230 2671 3280 videa-

1601 3299 1710 3356 tur,
1748 3293 1936 3343 nullam
1974 3295 2068 3346 tibi
2100 3310 2132 3345 a
2156 3297 2325 3347 causis
2350 3298 2669 3348 vacationem

1600 3362 1751 3411 video
1786 3362 1915 3412 dari.
1986 3362 2070 3414 Or.
2111 3363 2204 3426 52,
2242 3373 2317 3416 176
2363 3363 2577 3430 Gorg-las
2613 3381 2671 3416 se

1600 3436 1796 3479 tantum
1808 3439 2052 3493 quantum
2065 3439 2232 3482 aetate
2254 3434 2565 3499 procedebat
2584 3449 2669 3484 re-

1598 3497 1796 3548 laxarat
1829 3512 1860 3548 a
1899 3500 2052 3550 nimia
2090 3502 2392 3552 necessitate
2426 3516 2670 3553 numero-

1604 3581 1737 3617 rum.

1668 3634 1913 3696 tibicinis,
1957 3635 2176 3687 welcher
2209 3637 2292 3687 die
2335 3639 2531 3689 cantica
2573 3639 2667 3689 be-

1598 3702 1829 3767 gleitete,
1867 3704 1918 3755 d.
1944 3701 1996 3754 h.
2023 3704 2106 3754 die
2127 3708 2457 3773 gesangnrtig
2480 3722 2669 3773 vorge·

1597 3779 1840 3836 tragenen
1855 3771 2142 3838 Monologe,
2161 3774 2213 3823 in
2239 3774 2402 3825 denen
2430 3774 2556 3838 (fast
2573 3776 2670 3825 wie

1598 3838 1652 3888 in
1674 3852 1862 3889 unsern
1886 3838 2224 3906 Opernarien)
2252 3858 2368 3893 zum
2393 3843 2670 3894 Ausdruck

1599 3907 1691 3956 des
1716 3907 1974 3958 starksten
1988 3910 2182 3961 Affects
2208 3910 2281 3960 oft
2306 3911 2389 3961 die
2413 3910 2668 3962 lebhafte—

1595 3982 1711 4025 sten
1734 3973 2020 4039 Rhythmen
2044 3978 2321 4042 gebraucht
2343 3979 2571 4030 wurden.
2645 4005 2650 4016 ·

1662 4044 2034 4108 moderatione,
2094 4062 2160 4096 an
2218 4048 2297 4097 eiu
2348 4048 2666 4098 bestimmtes

1594 4108 1964 4176 rhythmisches
1995 4116 2104 4164 und
2135 4115 2436 4167 metrisohes
2459 4114 2664 4167 Gesetz.

1597 4175 1727 4239 118,
1753 4185 1822 4229 34.
1872 4180 2060 4245 11148‚
2088 4191 2178 4235 184.

1731 4254 1824 4298 255.
1863 4249 1921 4299 id
1951 4251 2092 4314 quod
2119 4275 2187 4289 -—
2221 4250 2300 4317 (in
2336 4252 2437 4302 den
2461 4252 2552 4302 Hs.
2580 4253 2666 4316 ist,
2762 4303 2771 4312 ,
