2930 4693
426 198 557 263 246
1036 192 1137 255 DE
1168 188 1527 255 ORATORE
1564 189 1647 255 111
1698 191 1793 253 17.
1837 197 1925 250 62.
1966 196 2055 251 03.

427 364 514 424 616
555 359 1052 441 disputationibus
1092 358 1245 421 alius
1284 357 1445 421 aliud
1486 358 1996 438 apprehenderat,
2047 360 2483 439 proseminatae
2523 367 2671 422 sant

428 448 599 526 quasi
626 444 886 507 familiae
913 444 1329 506 dissentientes
1368 445 1529 504 inter
1558 461 1622 505 se
1654 453 1713 504 et
1751 441 2003 505 multum
2033 442 2332 504 diiunctae
2360 451 2421 504 et
2462 443 2667 524 dispa-

427 548 545 600 res,
578 548 713 591 cum
742 537 943 591 nmen
984 546 1194 591 omnes
1229 546 1295 589 se
1332 527 1674 607 philosophi
1701 528 2039 589 Socraticos
2081 535 2143 588 et
2181 527 2301 588 diei
2337 527 2562 589 vellent
2600 536 2671 590 et

259 614 345 689 17
362 623 430 677 62
452 632 585 676 6666
613 613 1067 675 arbitrarentur.
1126 614 1211 673 Ac
1237 613 1434 691 primo
1459 611 1534 673 ab
1564 613 1695 690 ipso
1723 611 1972 673 Platone
1996 610 2343 673 Aristoteles
2372 619 2432 673 et
2461 611 2669 674 Xeno-

308 1716 379 1770 63

427 706 641 769 crates,
673 716 927 778 quorum
958 695 1108 758 alter
1135 695 1688 775 Peripateticorum,
1732 693 1883 757 alter
1910 694 2262 757 Academiae
2303 714 2526 757 nomen
2555 696 2668 758 ob-

425 783 621 854 tinuit,
655 780 870 842 deinde
901 780 975 842 ah
1005 781 1373 852 Antisthene,
1416 782 1520 860 qui
1546 781 1892 858 patientiam
1933 787 1994 840 et
2032 778 2311 841 duritiam
2349 781 2413 840 in
2445 780 2668 841 Socra-

423 868 546 928 tico
575 882 855 928 sermone
883 866 1139 925 maxime
1164 863 1485 935 adamaret,
1519 864 1723 942 Cynici
1742 865 2022 943 primum,
2054 862 2269 925 deinde
2299 865 2501 941 Stoici,
2535 872 2670 926 tum

425 949 502 1011 ab
540 950 860 1028 Aristippo,
902 966 1080 1027 quem
1122 947 1260 1009 illae
1302 949 1492 1026 magis
1531 946 1894 1026 voluptariae
1933 946 2360 1027 disputationes
2400 948 2668 1010 delecta-

423 1043 580 1105 rant,
614 1034 936 1113 Cyrenaica
965 1031 1342 1112 philosophia
1370 1033 1645 1102 manavit,
1677 1051 1856 1112 quam
1884 1031 1987 1092 ille
2018 1040 2078 1093 et
2105 1034 2232 1094 eius
2261 1034 2490 1110 posteri
2517 1033 2667 1093 sim-

424 1119 660 1198 pliciter
690 1115 1106 1186 defenderunt,
1138 1117 1219 1187 hi,
1252 1118 1353 1196 qui
1383 1133 1543 1178 nunc
1572 1115 1868 1195 voluptate
1899 1117 2099 1178 omnia
2126 1118 2471 1186 metiuntur,
2519 1117 2668 1178 dum

424 1201 823 1263 verecundius
849 1199 913 1261 id
946 1207 1147 1278 agunt,
1195 1218 1308 1261 nec
1351 1200 1625 1278 dignitati
1652 1202 1796 1263 satis
1824 1201 2067 1271 faciunt,
2099 1218 2274 1280 quam
2304 1218 2426 1262 non
2457 1218 2667 1280 asper-

426 1292 663 1355 nantur,
697 1302 807 1345 nec
836 1283 1194 1363 voluptatem
1223 1291 1488 1354 tuentur,
1520 1302 1697 1364 quam
1729 1284 2055 1364 amplexari
2081 1283 2305 1347 volunt.
2392 1285 2670 1346 Fuerunt

427 1370 606 1431 etiam
634 1367 749 1429 alla
791 1385 1017 1446 genera
1062 1367 1555 1448 philosophorum
1570 1414 1585 1437 ,
1640 1370 1742 1449 qui
1782 1387 1847 1429 se
1896 1386 2105 1431 omnes
2153 1368 2283 1429 sere
2324 1369 2668 1431 Socraticos

426 1469 556 1515 esse
598 1450 902 1523 dicebant,
957 1453 1363 1514 Eretricorum
1376 1500 1393 1524 ,
1436 1451 1818 1514 Herilliorum
1834 1499 1850 1521 ‚
1892 1453 2325 1531 Megaricorum
2339 1500 2354 1523 ,
2399 1452 2666 1531 Pyrrho-

423 1554 711 1606 neorum;
755 1536 859 1598 sed
891 1555 963 1598 ea
994 1536 1207 1598 horum
1237 1538 1293 1598 vi
1323 1544 1383 1598 et
1411 1535 1909 1616 disputationibus
1936 1544 2076 1598 sunt
2102 1539 2222 1598 iam
2250 1537 2352 1598 diu
2380 1536 2572 1598 fracta
2599 1545 2668 1598 et

422 1623 732 1682 exstincta.

592 1705 682 1767 Ex
707 1704 826 1766 illis
857 1713 1074 1775 autem,
1106 1723 1259 1785 quae
1295 1712 1627 1775 remanent,
1671 1722 1740 1766 ea
1768 1703 2162 1784 philosophia,
2204 1723 2357 1786 quae
2398 1707 2668 1785 suscepit

421 1790 821 1869 patrocinium
853 1788 1188 1869 voluptatis,
1222 1790 1334 1850 etsi
1362 1790 1461 1849 cui
1490 1807 1626 1850 vera
1656 1788 1953 1860 videatur,
1995 1788 2208 1868 procul
2247 1788 2417 1851 abest
2457 1797 2666 1852 tamen

421 1871 497 1934 ah
542 1890 614 1933 eo
656 1873 802 1950 viro,
847 1891 1026 1952 quem
1068 1874 1410 1952 quaerimus
1440 1880 1502 1934 et
1530 1891 1707 1952 quem
1739 1881 2043 1934 auctorem
2072 1872 2299 1952 publici
2338 1873 2572 1934 consilii
2599 1881 2668 1935 et

419 1956 718 2035 regendae
750 1957 999 2017 civitatis
1028 1957 1243 2017 ducem
1274 1964 1335 2019 et
1361 1958 1692 2018 sententiae
1722 1964 1899 2037 atque
1927 1956 2299 2037 eloquentiae
2321 1959 2663 2038 principem

418 2040 484 2100 in
522 2047 751 2110 senatu,
795 2041 858 2101 in
895 2039 1135 2119 populo,
1187 2042 1252 2101 in
1295 2042 1488 2102 causis
1527 2041 1783 2120 publicis
1823 2059 1954 2103 esse
1993 2042 2281 2104 volumus
2370 2042 2495 2104 Nec
2535 2041 2664 2104 ulla

418 2130 621 2184 tamen
654 2125 710 2184 ei
737 2124 1151 2204 philosophiae
1190 2125 1297 2185 fiet
1331 2125 1550 2187 iniuria
1592 2144 1627 2186 a
1666 2124 1857 2187 nobis,
1947 2126 2082 2188 Non
2130 2128 2290 2187 enim
2330 2125 2664 2206 repelletur

417 2207 577 2279 inde,
620 2227 738 2287 quo
768 2209 1013 2287 aggredi
1056 2211 1283 2288 cupiet;
1336 2208 1445 2270 sed
1484 2210 1546 2269 in
1592 2208 1845 2271 hortulis
1884 2212 2149 2290 quiescet
2187 2212 2324 2281 suis,
2367 2209 2473 2272 ubi
2513 2209 2660 2282 vult,

487 2358 812 2416 Socraticos.
874 2360 956 2409 die
1003 2360 1111 2410 also
1158 2359 1488 2410 hinsichtlich

411 2425 561 2491 jener
609 2425 904 2491 Scheiduug
961 2427 1011 2475 in
1072 2426 1208 2477 ihres
1255 2427 1485 2478 Meisters

417 2493 722 2559 Fusstapfen
759 2503 917 2544 traten
956 2495 1059 2544 und
1102 2495 1187 2545 die
1233 2494 1360 2558 (von
1395 2496 1487 2545 der

1657 2364 1758 2411 iam
1780 2363 1867 2412 diu
1892 2369 2007 2425 etc„
2042 2362 2108 2412 de
2131 2363 2219 2413 off.
2246 2365 2269 2413 Ι
2290 2363 2350 2423 2,
2375 2372 2401 2413 6
2433 2364 2510 2413 Ita
2531 2378 2658 2430 pro-

1587 2430 1698 2501 pria
1722 2438 1800 2480 est
1820 2443 1879 2478 ea
1896 2431 2187 2495 praeceptio
2197 2429 2501 2491 Stoicorum
2526 2432 2663 2480 Aca-

1589 2491 1927 2559 demicorum,
1986 2496 2467 2565 Peripateticorum,
2528 2512 2662 2562 quo-

416 2561 658 2611 Rhetorik
715 2561 1084 2627 geschiedene)
1152 2561 1486 2629 Philosophie

418 2628 502 2679 fur
523 2628 633 2679 sich
658 2628 847 2679 allein'
834 2644 888 2679 m
912 2630 1184 2695 Anspruch
1208 2630 1447 2680 nahmen.

488 2696 585 2760 17,
619 2706 690 2747 62.
733 2697 880 2748 Diess
925 2697 1066 2762 giebt
1098 2697 1486 2763 Veranlassuug

419 2779 484 2814 zu
518 2763 634 2813 dem
665 2763 911 2815 Excurs
945 2765 1100 2814 iiber
1140 2765 1241 2815 die
1283 2765 1481 2816 nach-

418 2829 835 2881 sokratische
880 2831 1307 2898 Philosophia
1353 2832 1486 2883 und

419 2897 613 2947 deren
649 2897 1028 2964 Bedeutung
1074 2899 1177 2948 fiir
1225 2900 1328 2951 die
1361 2900 1481 2950 Be·

415 2964 818 3015 redsamkeit
842 2965 931 3028 (—
953 2980 998 3015 c.
1024 2965 1135 3030 20).

482 3033 781 3097 mpliciter
791 3058 853 3068 —
866 3033 1138 3098 geradezu,
1150 3032 1284 3082 ohne
1300 3033 1484 3097 irgend

414 3098 605 3149 welche
637 3098 1090 3150 heschriinkenden
1126 3101 1251 3151 oder
1273 3102 1480 3151 vermit-

413 3167 621 3217 telnden
646 3166 1082 3233 Bestimmungen.

482 3235 538 3285 hi
565 3261 636 3271 —
669 3235 754 3285 die
772 3235 999 3302 jetzigen
1023 3235 1315 3287 Hedoniker
1347 3237 1400 3289 d.
1425 3235 1482 3288 h.

414 3302 499 3353 die
521 3302 822 3369 Epikureer.

481 3372 842 3431 verecundius,
869 3370 891 3419 1
914 3369 998 3432 37,
1027 3379 1116 3421 171.

483 3454 578 3489 nec
612 3448 707 3489 etc.
742 3465 807 3475 —
841 3438 937 3488 wie
961 3455 1016 3488 es
1042 3438 1123 3489 bei
1148 3438 1353 3488 solchen
1381 3438 1478 3488 fal·

415 3504 573 3556 seben
599 3506 1253 3570 Vermittluugsversuchen
1290 3522 1353 3556 zu
1387 3520 1477 3571 36-

414 3571 598 3622 henss
562 3573 711 3638 631·
732 3574 902 3623 indem
924 3575 1000 3624 sie
1015 3573 1479 3638 beidePrincipien,

416 3639 508 3690 der
569 3641 827 3691 innenlust
857 3641 965 3691 und
998 3651 1199 3691 ernsten
1225 3641 1481 3691 sittlichen

413 3707 638 3774 Haltung
661 3706 950 3773 (dignitas),
979 3708 1209 3773 zugleich
1237 3708 1481 3759 δεῇ-16111-

450 3790 513 3825 en
539 3791 607 3825 zu
630 3777 837 3827 kennen
859 3776 1109 3838 meinten‚
1150 3775 1378 3827 leisteten
1406 3778 1483 3826 sie

437 3858 468 3893 n
503 3843 596 3894 der
627 3841 756 3893 That
789 3843 995 3892 keinem
1027 3858 1129 3894 von
1165 3843 1347 3895 beiden
1381 3842 1480 3893 Ge-

416 3913 570 3975 niige.

416 4044 435 4093 l
483 3977 802 4029 Γιιεηιπι-
736 3978 954 4043 —jetzt
975 3978 1093 4029 sind
1121 3979 1196 4028 sie
1219 3978 1481 4029 verschol-

438 4059 519 4094 en.

484 4107 676 4162 horma
703 4137 770 4151 -
817 4113 907 4163 der
957 4115 1305 4179 gegenwartig
1349 4112 1484 4165 noch

417 4175 726 4242 bliiheuden,
751 4180 842 4230 der
864 4180 1124 4245 heutigen.

1588 2564 1725 2614 niam
1744 2564 2015 2625 Aristonis,
2035 2565 2330 2630 Pyrrhonis,
2353 2565 2565 2615 Herilli
2553 2580 2659 2616 iam

1585 2632 1783 2696 pridem
1807 2631 2021 2696 explosa
2044 2634 2296 2684 sententia
2321 2644 2415 2683 661.
2463 2634 2529 2683 de
2563 2633 2657 2684 fin.

1586 2700 1633 2749 11
1666 2698 1753 2760 11,
1789 2707 1841 2749 35
1884 2698 2078 2764 Pyrrho
2102 2701 2273 2751 Aristo
2297 2700 2515 2751 Herillus
2551 2702 2657 2750 iam

1587 2766 1677 2816 diu
1700 2766 1902 2816 abiecti.

1652 2841 1722 2886 ⁶3.
1757 2848 1822 2884 ea
1847 2834 2177 2899 phiwsopln’a
2211 2841 2308 2888 etc.
2325 2871 2340 2897 ,
2387 2835 2529 2886 Brut.
2565 2834 2654 2899 35,

1588 2908 1660 2950 131
1685 2899 1946 2966 perfectus
1971 2902 2252 2967 Epicureus
2277 2912 2527 2966 evaserat,
2552 2904 2659 2953 mi-

1586 2968 1722 3017 nime
1745 2978 1921 3033 aptum
1945 2970 2012 3019 ad
2036 2970 2306 3020 dicendum
2329 2985 2513 3035 genus.

1583 3058 1913 3182 49ιιιῖιιοέοιτηι
1935 3052 2129 3117 publici
2147 3056 2360 3115 consilii,
2390 3056 2412 3104 1
2436 3052 2521 3115 38,
2547 3064 2656 3115 211,

1651 3209 1803 3269 atque
1837 3206 2181 3270 eloquentiae,
2218 3206 2268 3254 iu
2306 3206 2396 3256 der
2418 3204 2653 3267 Debatte,

1581 3284 1659 3322 wo
1686 3287 1741 3321 es
1762 3271 1857 3321 aul'
1866 3272 2192 3322 reduerische
2202 3273 2544 3340 Motivierung
2562 3273 2658 3325 der

1583 3340 1838 3389 sententia
1861 3340 2139 3391 ankommt.

1652 3439 1750 3489 quo
1784 3424 2004 3488 aqyredi
2034 3427 2205 3490 cupiet
2245 3450 2316 3461 —
2357 3424 2524 3476 wohin
2573 3426 2654 3477 sie

1581 3489 1692 3540 ihre
1737 3491 1913 3554 eigene
1947 3490 2186 3556 Neigung
2226 3491 2385 3555 zieht,
2430 3491 2651 3543 namlich

1581 3573 1699 3609 vom
1724 3557 2047 3609 dffentlichen
2063 3558 2234 3609 Leben
2258 3574 2310 3609 ιι.
2332 3559 2431 3610 den
2454 3559 2652 3612 Staats·

1582 3624 1881 3690 geschaften
1905 3641 2034 3692 weg.
2085 3624 2208 3689 §64
2228 3636 2279 3676 6.
2305 3627 2367 3678 Ε.
2413 3630 2650 3693 aym-edi,

1582 3694 1630 3743 11
1664 3693 1755 3757 72,
1792 3703 1866 3744 291
1915 3709 2031 3744 cum
2064 3694 2132 3744 ad
2165 3709 2376 3745 causam
2411 3710 2528 3746 sum
2552 3696 2650 3745 ad-

1582 3775 1813 3826 gressus.

1651 3846 1704 3895 in
1736 3846 1977 3904 hortulis,
2025 3846 2091 3897 de
2124 3845 2226 3912 leg.
2262 3848 2284 3896 1
2323 3844 2414 3907 13,
2447 3854 2500 3897 39
2544 3846 2652 3898 sibi

1584 3924 1751 3962 autem
1798 3913 2123 3977 indulgentes
2191 3940 2231 3949 -
2270 3922 2422 3975 atque
2456 3914 2646 3974 omnia,

1585 3994 1718 4043 quae
1751 3991 2029 4043 sequautur
2072 3982 2125 4030 iu
2162 3982 2265 4031 vita
2301 3996 2533 4045 quaeque
2569 3982 2651 4033 fu-

1584 4047 1753 4111 giant,
1783 4048 2135 4114 voluptatibus
2160 4058 2210 4098 61
2232 4048 2494 4100 doloribus
2517 4062 2648 4114 pou·

1586 4114 1820 4165 derantes
1844 4141 1910 4152 —
1934 4118 1988 4166 in
2010 4115 2225 4168 hortulis
2248 4117 2357 4167 suis
2379 4117 2652 4167 iubeamus

1587 4182 1756 4233 dicere
1786 4191 1941 4246 atque
1975 4184 2128 4234 etiam
2151 4184 2217 4235 ab
2241 4184 2380 4234 omni
2403 4185 2650 4236 societate
