2930 4693
821 243 919 308 DE
950 242 1357 308 ORATOREI
1391 241 1488 307 12.
1520 250 1759 306 51-54.
2317 249 2402 315 25

171 413 430 476 dicendo
457 413 788 477 ubertatem
831 423 891 477 et
929 417 1158 496 copiam
1202 415 1276 477 ab
1319 434 1526 478 eorum
1557 415 1839 486 exilitate,
1892 417 1996 496 qui
2023 414 2136 478 hac
2165 416 2404 479 dicendi

167 501 456 562 varietate
510 508 570 561 et
608 499 897 579 elegantia
940 519 1061 562 non
1089 503 1374 563 utuntur?
1417 502 1613 563 Unum
1645 504 1758 563 erit
1784 504 2054 581 p’roi'ecto
2069 549 2085 574 ,
2138 503 2296 583 quod
2327 505 2398 575 ei,

166 587 276 666 qui
318 584 473 646 bene
503 585 734 656 dicunt,
767 586 1045 647 adierunt
1071 589 1398 667 proprium,
1431 589 1817 667 compositam
1854 589 2183 649 orationem
2214 596 2275 649 et
2302 606 2400 649 or·

166 678 373 732 natam
426 678 487 731 et
534 672 782 732 artificio
819 671 1076 752 quodam
1117 678 1177 732 et
1215 671 1571 753 expolitione
1603 673 1955 734 distinctam.
2014 673 2175 734 Haec
2203 682 2402 735 autem

166 758 363 817 oratio
381 805 397 827 ,
427 758 481 816 si
509 775 607 817 res
636 775 756 817 non
780 757 1009 829 subest,
1042 757 1116 818 ab
1146 764 1384 818 oratore
1413 766 1693 838 percepta
1726 766 1788 819 et
1815 760 2078 837 cognita,
2112 765 2213 820 aut
2240 757 2400 820 milia

164 843 248 902 sit
301 859 544 902 necesse
583 850 675 903 est
716 850 816 904 aut
844 844 1108 904 omnium
1136 844 1412 904 irrisione
1441 843 1700 905 ludatur.
1785 843 1938 916 Quid
1969 851 2059 904 est
2088 846 2248 905 enim
2280 851 2402 905 tam

163 927 491 998 furiosum,
546 945 724 1008 quam
775 927 1094 990 verborum
1136 927 1229 989 vel
1268 931 1626 1008 optimorum
1672 937 1847 1009 atque
1889 930 2402 991 ornatissimorum

163 1013 400 1073 sonitus
419 1015 613 1073 inanis
629 1061 643 1083 ‚
678 1012 838 1074 nulla
861 1012 1126 1075 subiecta
1156 1016 1448 1074 sententia
1485 1032 1594 1074 nec
1637 1015 1919 1075 scientia?
1962 1014 2259 1094 Quidquid
2290 1016 2405 1074 erit

164 1098 356 1174 igitur
406 1116 778 1178 quacumque
829 1116 902 1159 ex
951 1106 1105 1169 arte,
1159 1116 1535 1179 quocumque
1565 1099 1640 1159 de
1671 1118 1919 1179 genere,
1972 1099 2034 1160 id
2065 1107 2268 1161 orator
2292 1148 2307 1170 ,
2352 1098 2405 1161 si

162 1192 472 1262 tamquam
504 1183 735 1244 clientis
764 1183 1331 1255 causam²didicerit,
1378 1184 1537 1245 dicet
1564 1184 1776 1247 melius
1808 1193 1868 1246 et
1896 1187 2191 1257 oruatiuS‚
2225 1202 2401 1266 quam

161 1270 300 1347 ipse
327 1266 429 1328 ille
460 1269 586 1329 eius
624 1271 716 1329 rei
754 1270 1026 1330 inventor
1067 1277 1240 1350 atque
1270 1269 1501 1330 artifex.
1572 1270 1723 1331 Nam
1752 1272 1803 1331 si
1832 1270 1964 1351 quis
1994 1272 2124 1341 erit,
2157 1273 2258 1352 qui
2288 1272 2402 1332 hoc

166 1352 356 1424 dicat,
399 1371 529 1415 esse
570 1353 854 1433 quasdam
883 1361 1184 1415 oratorum
1216 1357 1489 1434 proprias
1518 1358 1842 1416 sententias
1887 1363 2066 1436 atque
2107 1374 2314 1418 causas
2345 1363 2405 1417 et

166 1447 468 1499 certarum
492 1456 694 1500 rerum
710 1438 1045 1500 forensibus
1063 1439 1342 1500 cancellis
1368 1442 1877 1520 circumscriptam
1901 1442 2224 1513 scientiam,
2256 1441 2402 1502 fate·

165 1522 284 1584 bor
306 1523 632 1603 equidem
613 1542 676 1584 ιιι
701 1525 794 1584 his
823 1526 1014 1603 magis
1042 1523 1284 1586 adsidue
1314 1527 1538 1586 versari
1569 1525 1724 1586 hanc
1751 1535 2015 1586 nostram
2048 1526 2399 1595 dictionem:

164 1609 274 1670 sed
303 1616 507 1669 tamen
536 1611 597 1669 in
628 1609 765 1671 bis
748 1612 894 1690 ipsis
925 1609 1104 1671 rebus
1131 1609 1425 1690 permulta
1455 1617 1628 1681 sunt,
1662 1629 1812 1690 quae
1840 1612 1956 1710 ipsi
1983 1612 2269 1690 magistri,
2301 1613 2405 1692 qui

163 1694 456 1754 rhetorici
479 1701 778 1766 vocantur,
805 1711 916 1756 nec
940 1695 1182 1756 tradunt
1204 1714 1316 1756 nec
1347 1703 1570 1756 tenent.
1628 1696 1771 1767 Quis
1800 1697 1979 1765 enim,
2001 1698 2191 1756 nescit
2216 1695 2401 1757 maxi·

164 1797 326 1840 mam
345 1781 461 1838 vim
486 1782 768 1841 exsistere
796 1781 1048 1841 oratoris
1070 1781 1133 1841 in
1156 1780 1462 1841 hominum
1485 1780 1783 1842 mentibus
1802 1780 1894 1841 vel
1923 1780 2034 1842 ad
2016 1799 2169 1842 iram
2199 1788 2301 1843 ant
2329 1780 2404 1842 ad

165 1864 372 1925 odium
385 1873 488 1925 aut
499 1865 573 1926 ad
588 1864 856 1927 dolorem
885 1865 1218 1936 incitandiS,
1252 1865 1344 1926 vel
1374 1865 1449 1927 ab
1480 1866 1644 1927 hisce
1675 1866 1897 1928 eisdem
1929 1865 2403 1946 permotionibus

166 1949 242 2010 ad
283 1949 589 2010 lenitatem
619 1949 1205 2030 misericordiamque
1232 1951 1619 2012 revocandis?
1665 1951 1853 2024 Quae,
1888 1953 2001 2014 nisi
2030 1954 2132 2032 qui
2162 1960 2403 2014 naturas

2447 859 2509 909 51

2445 1279 2514 1330 52

2446 1704 2514 1760 53

164 2034 478 2096 hominum
503 2037 735 2117 vimque
753 2054 991 2096 omnem
1017 2035 1400 2098 humanitatis
1428 2055 1751 2118 causasque
1781 2055 1897 2108 eas,
1930 2038 2145 2118 quihus
2172 2045 2403 2098 mentes
2446 2049 2450 2053 ·

163 2127 269 2181 aut
296 2122 621 2182 incitantur
651 2129 752 2182 aut
780 2120 1195 2193 reflectuntur,
1227 2124 1463 2202 penitus
1492 2125 1891 2202 perspexerit,
1924 2122 2177 2184 dicendo
2207 2123 2401 2202 quoad

160 2204 322 2267 volet
350 2206 640 2285 perficere
685 2224 805 2267 non
833 2208 1070 2287 poterit.
1138 2208 1328 2288 Atque
1367 2215 1526 2269 totus
1574 2209 1673 2269 hic
1701 2208 1867 2269 locus
1907 2207 2394 2288 philosophorum

158 2294 449 2373 proprius
487 2292 749 2364 videtum
804 2309 997 2374 neque
1038 2301 1239 2355 orator
1280 2311 1377 2355 me
1419 2300 1662 2356 auctore
1690 2311 1972 2375 umquam
2001 2292 2396 2374 repugnahit;

233 2495 319 2556 12,
340 2505 410 2548 5⁰.
434 2500 760 2563 compositam
776 2500 1071 2557 orationem,
1096 2495 1231 2563 348.
1334 2496 1419 2559 53,
1452 2498 1558 2564 215)
1608 2498 1771 2549 durch
1818 2499 1901 2548 die
1948 2498 2117 2548 Rede
2165 2496 2307 2548 nicht
2340 2511 2399 2547 so

158 2563 316 2614 Rhet.
341 2566 408 2614 ad
426 2566 543 2616 Her.
563 2567 635 2616 lV
655 2566 735 2625 12,
762 2576 811 2616 18
834 2569 1130 2631 composicio
1153 2574 1233 2617 eat

159 2634 440 2683 verborum
464 2637 799 2694 constructiO,
825 2650 958 2698 quae
981 2634 1101 2684 facit
1118 2650 1230 2685 om-

157 2716 265 2819 ne?
287 2710 464 2768 partes
490 2704 734 2753 orationis
757 2703 1089 2765 aequabiliter
1110 2718 1226 2768 per-

156 2784 229 2836 po
251 2771 373 2820 itas·

158 2838 1234 2972 δεξειξῗέζὲηςέιῖῗξὲηέἒξίςεῗιωέἓυώᾚ

159 2974 327 3024 durch
350 2975 487 3025 feine
511 2977 892 3041 Ausarbeitung
925 2976 1033 3026 und
1066 2974 1234 3026 Glatte

157 3042 445 3096 kenntlich.

158 3175 193 3244 S
221 3113 308 3231 18'}
299 3127 387 3163 ree
409 3128 511 3164 non
532 3112 725 3170 subest,
760 3109 792 3178 S
818 3113 903 3164 20.
972 3114 1231 3175 irrisione,

230 3256 303 3297 51.
337 3256 585 3315 tamquam
608 3250 833 3307 clientis,
865 3264 1010 3298 wenn
1045 3264 1099 3297 er
1121 3247 1230 3298 sich

159 3329 224 3366 so
240 3331 412 3380 genau
428 3318 688 3367 instruiert
705 3318 806 3376 hat,
822 3317 916 3365 wie
933 3318 1060 3367 iiber
1082 3318 1231 3366 einen

158 3382 398 3442 Process‚
425 3384 524 3435 den
549 3400 602 3435 er
625 3385 706 3435 fiir
716 3384 935 3434 Jemand
961 3401 1025 3434 zu
1049 3383 1230 3434 ffihren

156 3450 252 3502 hat
277 3453 347 3514 (Π
370 3453 465 3515 24,
493 3452 586 3515 aa).

230 3528 300 3570 53.
330 3523 538 3585 penitus
558 3529 649 3571 etc.
686 3518 718 3586 S
743 3520 822 3571 17.

231 3590 419 3655 quoad.
480 3588 547 3640 So
583 3593 651 3640 ist
683 3588 796 3639 hier
829 3597 950 3639 statt
985 3588 1121 3651 quod
1163 3604 1228 3638 zu

159 3655 453 3708 schreiben.
479 3657 578 3707 Der
602 3657 729 3708 Sinn
756 3658 824 3707 ist
847 3657 1048 3707 nicht.
1075 3656 1228 3706 ‘ohne

157 3739 366 3789 genaue
386 3726 687 3792 psycholog.
711 3726 961 3776 Kenntnis
985 3726 1121 3788 kann
1141 3726 1233 3774 der

158 3793 372 3843 Redner
395 3793 680 3886 uberhaupt
703 3796 877 3845 seinen
892 3794 1073 3844 Zweck
1093 3791 1234 3842 nieht

159 3860 475 3924 erreichenss
520 3864 741 3913 sondern
776 3862 1046 3912 vielmehr.
1080 3860 1232 3911 ‘ohne

161 3929 553 3981 einesolcheKe
564 3947 593 3981 n
609 3946 639 3980 ιι
654 3939 674 3979 t
688 3946 720 3980 ιι
733 3931 749 3980 ἰ
761 3947 787 3981 s
807 3945 1018 3995 vermag
1037 3945 1092 3979 er
1101 3928 1233 3979 auch

158 4012 266 4048 von
291 4000 467 4048 seinen
492 3999 599 4048 drei
618 3999 970 4065 Hauptziel'en,
996 3999 1115 4049 dem
1139 3998 1232 4048 do·

158 4081 281 4116 cere
305 4068 427 4117 oder
441 4068 687 4132 probare,
709 4068 960 4118 concitare
982 4068 1105 4117 oder
1124 4083 1233 4119 mo·

156 4150 284 4186 vere
303 4151 356 4189 ιι.
383 4135 501 4185 dem
526 4136 805 4186 conciliare
826 4132 1226 4200 (1128,121)‚ge-

158 4204 288 4254 rade
312 4204 396 4253 die
421 4204 604 4255 beiden
627 4203 799 4252 wichti
835 4211 972 4262 steri,
1003 4204 1098 4253 das
1118 4218 1230 4252 mo-

157 4286 284 4323 vere
319 4288 372 4322 u.
406 4273 674 4322 conciliare
706 4269 762 4337 (S
867 4308 880 4322 .
929 4273 1094 4335 1142,
1127 4281 1228 4332 1783

268 4361 371 4407 Cic.
400 4361 474 4404 DE
501 4361 671 4405 ORAT.
721 4363 761 4404 2.
790 4361 909 4405 Aufl.

1333 2569 1478 2616 weit
1510 2583 1574 2616 er
1607 2567 1732 2616 will
1768 2565 1874 2630 (bis
1901 2582 1966 2616 zu
1990 2566 2106 2616 dem
2132 2566 2401 2616 beabsich-

1333 2636 1493 2699 tigten
1519 2633 1682 2699 Grad)
1715 2633 1992 2684 erreichen.
2052 2634 2122 2684 So
2155 2633 2285 2683 fasst
2308 2635 2401 2684 das

1330 2701 1740 2753 voranstehende
1785 2718 1917 2768 quae
1960 2703 2032 2752 im
2079 2717 2241 2767 engen
2291 2705 2401 2751 An—

1330 2770 1534 2821 sehluss
1558 2786 1625 2821 an
1648 2771 1741 2821 das
1754 2770 2187 2835 Vorhergehende
2210 2771 2303 2822 das
2321 2773 2399 2821 in-

1329 2840 1494 2890 citare
1503 2856 1554 2889 u.
1569 2841 1633 2890 ab
1657 2838 1737 2889 his
1761 2839 2165 2906 permotionibus
2183 2839 2249 2889 ad
2270 2840 2397 2889 ieni—

1334 2914 1490 2957 tatem
1516 2923 1778 2967 revocare,
1802 2909 1894 2958 das
1917 2922 2123 2958 movere
2146 2924 2201 2959 u.
2224 2909 2400 2957 conci-

1333 2975 1484 3038 liare,
1532 2977 1584 3025 in
1633 2976 1743 3026 eius
1778 2991 2093 3027 zusammen.
2158 2976 2250 3026 Mit
2280 2976 2400 3026 dem

1335 3044 1787 3094 beschriinkendeu
1827 3045 2012 3096 Zusatz
2059 3046 2231 3111 quoad
2266 3046 2401 3095 volet

1334 3109 1392 3177 (S
1405 3111 1528 3176 172)
1546 3114 1668 3163 aber
1683 3113 1810 3163 wird
1826 3128 1960 3178 ganz
1985 3112 2211 3179 passeud
2233 3126 2395 3177 ange-

1335 3181 1527 3242 demet,
1540 3181 1660 3231 dass
1684 3195 1888 3231 movere
1905 3198 1958 3232 ιι.
1979 3181 2248 3230 conciliare
2270 3179 2398 3231 nach

1332 3247 1555 3314 Umi’ang
1588 3250 1692 3299 und
1718 3249 1899 3299 Starke
1932 3250 1987 3298 in
2019 3248 2154 3297 ihrer
2175 3251 2398 3297 Anweu·

1333 3317 1476 3382 dung
1499 3315 1657 3366 durch
1687 3317 1786 3366 den
1815 3316 2183 3380 jedesmaligen
2211 3317 2399 3366 beson-

1332 3385 1487 3435 deren
1533 3385 1717 3435 Zweck
1762 3385 1855 3435 des
1901 3384 2131 3434 Redners
2188 3384 2401 3447 bedingt

1331 3454 1490 3503 scien.
1534 3453 1652 3518 Vgi.
1678 3454 1726 3503 ΙΙ
1749 3451 1838 3512 16,
1864 3461 1915 3502 ’10
1931 3454 1999 3503 ad
2022 3467 2170 3502 suum
2196 3451 2399 3501 arbitri·

1331 3536 1439 3584 um,
1491 3522 1539 3571 11
1570 3522 1777 3584 27,115
1807 3520 1874 3570 ad
1898 3521 1951 3570 id
1976 3521 2112 3582 quod
2140 3520 2396 3570 volumus.

1331 3591 1401 3639 111
1423 3588 1504 3648 15,
1525 3599 1576 3639 55
1598 3603 1902 3653 quocunque
1919 3588 2227 3638 incubuerit.
2251 3586 2393 3637 Brut.

1291 3707 1305 3717 ,
1329 3655 1422 3719 80,
1447 3666 1540 3708 279.
1564 3672 1609 3706 a.
1637 3657 1687 3708 d.
1714 3657 1829 3707 krit.
1851 3656 2089 3720 Anhang.

1401 3733 1467 3775 54.
1504 3728 1668 3783 locu-5,
1692 3716 1895 3792 τόπος,
1920 3725 2093 3775 dieses
2113 3738 2278 3790 ganze
2298 3722 2392 3773 Ca·

1371 3793 1479 3845 itel.

1333 3809 1370 3860 P
1399 3863 1617 3913 videtur.
1675 3859 1775 3911 Der
1807 3860 2110 3911 Nachdruck
2144 3860 2267 3925 liegt
2305 3858 2402 3909 auf

1332 3930 1414 3980 hic
1435 3947 1488 3980 u.
1514 3928 1936 3996 philosophorum
1958 3930 2224 3994 proprius.
2291 3928 2395 3978 Das

1334 4000 1462 4049 eben
1511 3997 1766 4048 erwfihnte
1798 3996 1980 4048 Gebiet
2020 3998 2110 4047 der
2149 3995 2299 4046 Ethik
2339 4011 2393 4048 ιι.

1332 4065 1670 4131 Psycheiogie
1709 4064 1908 4116 scheint
1946 4063 2077 4115 doch
2118 4064 2390 4124 duremus,

1333 4134 1422 4184 der
1435 4134 1592 4184 Natur
1614 4132 1705 4183 der
1722 4133 1916 4184 Sache
1938 4132 2086 4192 uach,
2107 4147 2268 4182 wese
2283 4132 2392 4182 nti.

1330 4201 1825 4268 philosophisch
1863 4219 1927 4252 zu
1951 4203 2088 4260 sein3
2122 4202 2228 4251 und
2253 4201 2393 4251 diess

1330 4271 1439 4337 gibt
1471 4269 1604 4321 auch
1639 4269 1853 4322 Crassus
1877 4272 1930 4322 iu
1953 4280 2147 4321 tautum
2175 4286 2263 4331 zu,
2299 4284 2396 4319 nur

1949 4360 1988 4423 6

2446 2222 2513 2271 54
