2930 4693
331 1610 426 1684 11

920 805 1035 888 M.
1081 804 1508 889 TULLII
1560 801 2209 890 CICERONIS

1520 968 1617 1018 m:

1215 1107 1921 1207 ORATORE

1027 1294 1428 1370 arnna
1518 1295 2100 1374 rsnrrus

626 1600 961 1662 Instituenti
987 1599 1149 1670 mihi,
1182 1599 1397 1672 Quinte
1424 1601 1628 1673 frater,
1662 1619 1798 1663 eum
1820 1618 2154 1663 sermonem
2178 1602 2407 1662 referre
2430 1608 2490 1662 et
2511 1620 2676 1664 man-

458 1686 602 1748 dare
646 1685 783 1746 huic
832 1685 1009 1746 tertio
1057 1683 1239 1756 libro,
1291 1702 1469 1766 quem
1509 1692 1644 1766 post
1669 1686 1907 1747 Antonii
1948 1684 2402 1767 disputationem
2432 1686 2675 1749 Crassus

458 1770 776 1841 habuisset,
808 1767 1023 1830 acerba
1051 1786 1195 1830 sane
1223 1768 1555 1832 recordatio
1582 1777 1843 1832 veterem
1873 1771 2055 1831 animi
2083 1788 2288 1832 curam
2316 1769 2674 1833 molestiam-

457 1874 574 1936 que
601 1855 919 1916 renovavit.
979 1851 1129 1914 Nam
1157 1851 1301 1914 illud
1330 1853 1771 1917 immortalitate
1799 1853 2043 1932 dignum
2070 1856 2404 1934 ingenium,
2435 1853 2538 1915 illa
2564 1856 2680 1917 hu-

458 1940 740 2010 manitas,
779 1936 877 1998 illa
907 1938 1092 1999 virtus
1119 1937 1186 1998 L.
1219 1937 1414 2001 Crassi
1442 1946 1636 2001 morte
1666 1940 1951 2001 exstincta
1991 1937 2183 2001 subita
2226 1946 2318 2000 est
2343 1940 2439 2000 vix
2468 1938 2680 2001 diebus

464 2023 668 2085 decem
699 2030 833 2104 post
861 2039 998 2084 eum
1027 2020 1214 2091 diem,
1268 2023 1371 2102 qui
1397 2022 1514 2084 hoe
1544 2031 1604 2085 et
1631 2025 1940 2105 superiore
1968 2022 2125 2085 libro
2157 2024 2513 2086 continetur.
2598 2023 2679 2086 Ut

461 2109 622 2171 enim
644 2107 894 2170 Romam
922 2105 1100 2167 rediit
1125 2113 1391 2168 extremo
1419 2106 1693 2170 ludorum
1723 2109 2093 2169 scenicorum
2134 2107 2248 2179 die,
2294 2108 2681 2171 vehementer

458 2199 789 2254 commotus
838 2191 1105 2253 oratione
1155 2208 1253 2261 ea,
1306 2209 1456 2272 quae
1498 2192 1802 2254 ferebatur
1842 2191 2042 2255 habita
2084 2210 2215 2254 esse
2242 2194 2305 2254 in
2336 2194 2611 2255 contione
2640 2211 2680 2255 a

457 2276 761 2359 Philippo,
809 2293 985 2358 quem
1026 2275 1242 2337 dixisse
1272 2276 1579 2339 constabat
1618 2276 1961 2339 ‘videndum
1991 2276 2106 2339 sibi
2134 2295 2264 2341 esse
2293 2277 2449 2339 aliud
2481 2279 2681 2339 consi·

457 2363 630 2433 lium;
658 2361 761 2423 illo
789 2369 997 2423 senatu
1024 2379 1090 2422 se
1118 2378 1247 2423 rem
1276 2361 1574 2443 publicam
1602 2380 1814 2443 gerere
1843 2381 1964 2424 non
1993 2368 2222 2445 posse‚’
2272 2381 2447 2424 mane
2474 2362 2679 2425 Idibus

458 2445 908 2529 Septembribus
958 2453 1019 2507 et
1063 2444 1165 2507 ille
1218 2453 1279 2507 et
1316 2455 1556 2517 senatus
1598 2448 1880 2529 frequens
1918 2454 2127 2509 vocatu
2155 2447 2331 2509 Drusi
2358 2448 2418 2508 in
2451 2449 2678 2509 curiam

457 2533 635 2594 veuit.
693 2530 784 2593 Ibi
813 2549 950 2593 cum
979 2530 1203 2592 Drusus
1230 2530 1416 2592 multa
1445 2531 1521 2593 de
1547 2531 1822 2613 Philippo
1851 2539 2092 2612 questus
2129 2539 2312 2604 esset,
2345 2530 2572 2594 rettulit
2600 2531 2679 2592 ad

458 2624 727 2679 senatum
759 2616 833 2678 de
862 2613 964 2676 illo
992 2616 1152 2695 ipso,
1197 2615 1353 2696 quod
1381 2617 1449 2677 in
1477 2635 1612 2678 eum
1642 2617 1912 2679 ordinem
1943 2615 2150 2679 consul
2179 2623 2298 2677 tam
2328 2618 2583 2695 graviter
2609 2618 2676 2677 in

462 2703 738 2765 contione
767 2707 924 2763 esset
950 2701 1232 2761 invectus.
1290 2701 1420 2768 Hic.
1449 2708 1518 2762 ut
1544 2719 1720 2782 saepe
1747 2702 1903 2763 inter
1925 2701 2195 2762 homines
2217 2702 2678 2781 sapientissimos

462 2793 736 2848 constare
767 2783 900 2855 vidi,
932 2801 1287 2866 quamquam
1315 2785 1431 2847 hoc
1460 2785 1690 2857 Crasso,
1723 2804 1860 2848 cum
1889 2784 2107 2866 aliquid
2137 2787 2468 2847 accuratius
2497 2784 2676 2847 dixis·

457 2877 576 2951 set,
608 2887 847 2949 semper
869 2868 999 2930 fere
1028 2870 1388 2949 contigisset,
1419 2877 1488 2931 ut
1514 2888 1836 2952 numquam
1865 2869 2081 2932 dixisse
2110 2868 2321 2932 melius
2347 2878 2676 2952 putaretur,

526 3053 884 3106 Proomium
906 3067 955 3103 c.
982 3051 1029 3117 1,
1055 3052 1196 3110 1—-5,
1220 3062 1287 3107 19.
1327 3053 1379 3117 1)
1403 3054 1517 3105 Er·
1657 3053 1880 3116 ehoben,
1914 3070 2003 3106 um
2037 3055 2121 3106 die
2153 3054 2678 3122 aussergewohnliche

459 3124 782 3187 iuuet-ung
812 3121 1007 3172 sowol
1038 3136 1114 3172 an
1139 3120 1243 3171 die
1273 3121 1518 3173 letzteu
1618 3071 1872 3174 gituation
1907 3123 2064 3174 damit
2094 3124 2434 3174 anzudeuten.
2494 3123 2625 3175 Einl.
2650 3125 2677 3174 Ι

458 3192 627 3256 Tage
658 3189 785 3240 und
816 3189 936 3239 den
969 3202 1037 3240 so
1070 3187 1384 3255 plotzlich
1418 3204 1517 3240 er·
1619 3187 1760 3261 822.
1806 3190 1908 3241 Das
1932 3190 2118 3253 Recht,
2144 3191 2241 3242 den
2268 3191 2424 3242 Senat
2449 3208 2510 3242 zu
2538 3192 2680 3242 einer

459 3258 710 3324 folgten
743 3257 873 3309 'l'od
918 3256 1027 3308 des
1074 3257 1371 3321 Crassus,
1419 3257 1516 3308 als
1619 3259 1835 3324 Sitzung
1876 3259 2203 3321 einzuladen,
2252 3260 2402 3310 stand
2434 3259 2678 3324 iibrigens

456 3326 618 3377 auch
651 3339 727 3388 an
757 3325 868 3376 das
894 3323 1229 3376 Schicksal
1262 3325 1368 3375 der
1400 3327 1516 3376 iib-

458 3395 641 3512 riglep
665 3393 992 3513 pgrssonen
1015 3392 1128 3443 des
1153 3390 1516 3458 Gespriichs

456 3477 506 3511 c.
634 3488 696 3498 —
829 3498 843 3512 .

529 3499 582 3586 1,'
610 3538 653 3580 2.
698 3499 926 3581 ludorum
959 3529 1298 3590 memorant,
1333 3528 1357 3577 1
1379 3527 1439 3590 7,
1467 3536 1519 3579 24

455 3612 506 3648 s.
541 3596 647 3646 ind.
681 3595 792 3646 ludi
823 3595 1054 3648 Romani.
1108 3595 1388 3654 eonsilium,
1425 3596 1515 3647 be-

457 3663 668 3716 ratende
698 3661 957 3724 Behorde,
996 3665 1044 3713 11
1066 3660 1162 3728 39,
1188 3671 1290 3722 1⁶53
1320 3659 1413 3728 82,
1440 3671 1519 3714 333

459 3747 513 3799 p.
539 3730 672 3782 Sest.
699 3729 781 3793 19,
806 3739 876 3781 42.

527 3814 738 3865 gerere,
777 3798 874 3848 wie
896 3796 964 3848 ad
985 3797 1124 3847 Fam.
1150 3799 1198 3849 II
1219 3797 1252 3846 7
1265 3833 1280 3858 ‚
1313 3806 1339 3849 3
1386 3812 1517 3860 quo·

459 3868 596 3918 niam
620 3880 748 3917 sane
779 3865 993 3916 feliciter
1015 3873 1065 3915 et
1090 3880 1155 3915 ex
1177 3879 1290 3916 mea
1313 3876 1517 3917 senten-

457 3937 532 3985 tia
552 3949 661 3984 rem
683 3933 937 4000 publicam
997 3933 1245 3996 essimus3
1283 3933 1517 3999 dagegen

459 4016 514 4066 p.
539 4000 691 4052 Rosc.
718 4003 889 4053 Amet.
984 4036 1001 4065 ,
1025 4008 1100 4052 131
1134 3998 1256 4064 quid
1279 4002 1521 4052 miramur

457 4068 524 4117 L.
557 4066 775 4129 Sullam,
824 4082 940 4118 cum
985 4067 1126 4119 solus
1156 4069 1520 4136 rempublicam

460 4142 659 4197 regeret
682 4143 778 4185 ete.
1183 4150 1188 4155 ·

527 4207 708 4252 vocatu
725 4202 887 4253 Drusi
902 4226 971 4240 —
992 4200 1290 4254 absichtlich
1309 4201 1516 4256 hervor-

1620 3326 1719 3376 den
1729 3326 2125 3378 Volkstribunen
2147 3341 2247 3377 von
2270 3325 2514 3378 altersher
2537 3341 2679 3378 more

1618 3393 1865 3445 maiorum
1889 3410 1980 3453 zu,
2006 3394 2135 3446 Gell.
2159 3393 2280 3444 XIV
2307 3394 2387 3445 17.

1687 3464 1877 3524 consul,
1903 3462 1992 3512 der
2012 3461 2090 3512 als
2116 3461 2314 3513 solcher
2332 3460 2462 3512 doch
2482 3461 2680 3528 eigent-

1620 3527 1720 3578 lich
1744 3529 1837 3580 das
1860 3529 2029 3595 Haupt
2051 3528 2142 3579 des
2164 3528 2377 3580 Senates
2402 3529 2540 3580 hatte
2563 3530 2679 3581 sein

1618 3596 1800 3647 sollen.
1835 3596 1955 3663 Vgl.
1980 3612 2034 3663 p.
2055 3595 2191 3648 Sest.
2215 3594 2297 3658 19,
2321 3605 2372 3647 42
2395 3612 2510 3648 cum
2536 3597 2679 3647 vide-

1617 3674 1727 3714 rem
1761 3691 1825 3701 —
1859 3665 2122 3725 consules,
2171 3664 2257 3726 qui
2299 3666 2454 3716 duces
2488 3665 2686 3731 publici

1617 3733 1819 3784 consilii
1840 3747 1951 3784 esse
1975 3731 2243 3796 deberent,
2280 3732 2580 3798 perfecisse,
2615 3741 2680 3783 ut

1618 3815 1710 3917 pelri
1728 3802 1868 3916 ipstos
1885 3799 2145 3867 publicum
2164 3800 2432 3850 consilium
2442 3799 2679 3853 funditus

1645 3882 1673 3918 ο
1715 3883 1798 3918 ere
1825 3884 1900 3921 ur.
2083 3901 2088 3905 -

1688 3944 1732 3986 3.
1765 3950 1938 4000 saepe,
1963 3935 2073 3985 weil
2100 3933 2173 3986 oft
2193 3936 2275 3986 die
2289 3936 2432 3986 Rede
2455 3934 2548 3986 auf
2565 3936 2682 3986 die-

1621 4016 1714 4053 sen
1762 4001 2241 4070 Sehwanengesang
2302 4004 2392 4054 des
2449 4002 2681 4054 Redners

1619 4069 1756 4120 kam.
1791 4072 2204 4136 sapientissimos,
2228 4070 2311 4122 die
2333 4070 2681 4191 urteilsffih‘iss-

1621 4144 1752 4189 sten.
1798 4139 1925 4198 vidi,
1961 4138 2040 4187 ich
2064 4138 2194 4191 habe
2217 4138 2392 4191 erlebt.
2427 4138 2566 4191 Brut.
2661 4174 2685 4201 ,

1620 4213 1714 4267 211,
1738 4220 1783 4257 s.
1809 4204 1914 4256 ind.
1939 4205 2125 4258 Laelia.
