2930 4693
346 1526 454 1581 200

474 184 603 248 3⁰2

1048 174 1148 236 DE
1192 171 1548 238 ORATORE
1587 173 1668 235 lll
1712 172 1816 234 52.
1863 179 1982 233 199.
2019 178 2139 232 200.

474 348 772 410 conficere
802 363 920 407 non
950 352 1194 426 possent
1235 342 1391 421 (nam
1434 343 1494 404 id
1534 342 1774 424 quidem
1814 362 2006 424 nuper
2035 343 2125 405 vel
2153 362 2329 424 posse
2359 343 2452 405 vel
2493 344 2715 407 audere

476 432 832 512 coepimus),
876 439 1049 492 terna
1090 437 1191 491 aut
1228 428 1368 490 hina
1410 436 1513 490 aut
1555 426 1824 490 nonnulli
1863 427 2102 507 singula
2133 430 2309 491 etiam
2340 428 2522 490 verba
2552 429 2715 491 dice-

476 518 649 587 bant;
696 517 799 596 qui
825 517 889 576 in
918 514 1017 576 illa
1047 513 1293 575 infantia
1325 512 1594 575 naturale
1621 511 1786 582 illud,
1818 512 1976 593 quod
2005 532 2181 576 aures
2209 513 2518 577 hominum
2547 515 2716 592 flagi·

478 601 712 671 tabant,
757 599 1040 663 tenebant
1070 609 1300 669 tamen,
1347 606 1415 659 ut
1443 605 1506 659 et
1532 596 1632 659 illa
1662 606 1862 661 essent
1889 600 2085 679 paria,
2131 617 2284 678 quae
2311 598 2609 670 dicerent,
2656 607 2718 660 et

267 677 275 682 ’
478 684 822 768 aequalibus
849 681 1429 764 interspirationibus
1457 690 1787 745 uterentur.

307 765 538 877 52199·
590 830 605 837 ·
644 804 906 884 Exposui
933 802 1080 873 fere,
1111 809 1179 862 ut
1205 803 1387 883 potui,
1413 820 1565 883 quae
1586 802 1841 863 maxime
1870 802 1942 863 ad
1968 810 2242 867 ornatum
2268 803 2552 863 orationis
2578 821 2719 885 per-

479 892 670 952 tinere
700 887 1055 951 arbitrabar.
1125 886 1257 948 Dixi
1287 888 1445 949 enim
1479 885 1553 947 de
1582 885 1952 965 singulorum
1994 885 2168 948 laude
2197 886 2547 958 verborum,
2593 887 2718 951 dixi

478 975 554 1036 de
584 975 1002 1036 coniunctione
1032 990 1269 1042 eorum,
1303 971 1422 1032 dixi
1453 969 1527 1032 de
1558 989 1808 1033 numero
1840 980 2016 1052 atque
2045 970 2254 1033 forma.
2317 972 2436 1033 Sed
2453 962 2516 1033 ‘si
2545 972 2719 1033 habi-

479 1068 602 1121 tum
635 1060 813 1120 etiam
843 1059 1127 1120 orationis
1157 1064 1217 1121 et
1244 1057 1411 1138 quasi
1433 1054 1694 1117 colorem
1721 1054 1975 1137 aliquem
1999 1058 2316 1137 requiritis„
2349 1064 2439 1118 est
2461 1066 2519 1118 et
2540 1056 2720 1141 plena

479 1143 788 1225 quaedam,
820 1142 924 1204 sed
957 1150 1155 1204 tamen
1183 1149 1362 1214 teres,
1394 1149 1453 1202 et
1481 1141 1706 1210 tenuis,
1737 1159 1860 1202 non
1889 1142 2017 1205 sine
2047 1143 2245 1203 nervis
2276 1160 2344 1202 ac
2373 1140 2627 1211 viribus,
2664 1147 2723 1202 et

479 1246 567 1300 ea,
599 1244 751 1306 quae
779 1228 1079 1307 particeps
1108 1228 1415 1307 utriusque
1444 1227 1682 1311 generis
1712 1224 1963 1308 quadam
1987 1226 2396 1289 mediocritate
2420 1225 2717 1288 laudatur.

480 1312 585 1377 nis
613 1310 804 1374 tribus
831 1312 1036 1392 figuris
1076 1312 1336 1379 insidere
1377 1310 1617 1392 quidam
1658 1311 1979 1381 venustatis
2019 1329 2139 1372 non
2180 1311 2315 1373 fuco
2353 1310 2567 1383 illitus,
2617 1310 2736 1373 sed·

481 1399 769 1478 sanguine
800 1396 1045 1461 diffusus
1075 1395 1254 1458 debet
1283 1396 1468 1457 color.

651 1516 802 1579 Tum
843 1514 1099 1597 denique
1140 1516 1237 1577 hic
1279 1514 1450 1577 nobis
1479 1495 1680 1576 orator
1708 1516 1788 1577 ita
1820 1476 2284 1577 conformandus
2314 1522 2402 1576 est
2432 1522 2493 1577 et
2522 1514 2724 1579 verbis

482 1609 543 1681 et
570 1603 906 1675 sententiis,
954 1609 1048 1672 ut,
1091 1600 1591 1682 quemadmodum
1631 1601 1734 1682 qui
1775 1607 2020 1661 utuntur
2061 1603 2244 1663 armis
2272 1608 2372 1663 aut
2401 1600 2721 1682 palaestra,

480 1823 535 1872 in
568 1820 865 1886 'ssiucydide
899 1822 1073 1871 orbem
1108 1820 1261 1871 modo
1304 1820 1550 1872 orationis

480 1889 735 1948 dmidero,
760 1898 1057 1939 ornamenta
1079 1899 1390 1955 comparent.

546 1972 732 2020 nuper,
768 1967 871 2006 erst
892 1972 985 2005 vor
1007 1958 1250 2015 Kurzem,
1288 1959 1333 2007 11
1361 1957 1451 2017 12,
1477 1966 1548 2008 53.

482 2025 566 2074 Or.
593 2021 687 2081 51,
714 2033 788 2074 111
822 2024 888 2074 Et
922 2025 1057 2089 apud
1082 2025 1303 2075 Graecos
1338 2025 1549 2088 quidem
1577 2015 1589 2023 ’

481 2092 584 2142 iam
630 2092 752 2141 anni
797 2107 959 2158 prope
1005 2091 1364 2157 quadringenti
1410 2102 1548 2152 sunt,

482 2173 597 2210 cum
632 2157 729 2209 hoc
759 2162 1027 2226 probatum
1066 2174 1162 2211 non
1198 2174 1362 2225 nuper
1384 2175 1548 2226 agno-

482 2228 669 2278 vimus.
716 2226 848 2281 Einl.
874 2230 892 2277 Ι
918 2226 951 2295 3
982 2226 1061 2289 10,
1085 2236 1153 2279 67.

551 2303 700 2346 terna
725 2306 837 2356 etc„
863 2296 917 2345 in
940 2297 1107 2346 einem
1126 2294 1436 2362 jedenSatz.
1475 2298 1551 2348 in-

477 2365 671 2427 fantia,
693 2361 726 2430 3
753 2364 868 2417 142.
1160 2397 1166 2401 -

458 2473 467 2480 .
548 2439 603 2482 ut
627 2440 679 2483 et
710 2434 800 2483 illa
833 2441 1005 2484 essent
1031 2435 1219 2498 paria,
1252 2434 1437 2483 sodass
1469 2434 1552 2483 sie

481 2500 590 2550 also
640 2500 767 2550 doch
817 2502 929 2551 eine
976 2503 1070 2551 Art
1115 2500 1330 2552 Periode
1374 2500 1547 2551 hatten

482 2563 539 2635 (3
567 2566 706 2629 171).
764 2577 816 2619 et
838 2569 1132 2635 aequalibus
1164 2570 1550 2633 interspiratio-

482 2637 642 2695 nibus,
668 2633 700 2702 3
726 2636 843 2698 173,
869 2639 978 2688 also
1005 2638 1150 2687 einen
1177 2637 1427 2701 gewissen
1455 2653 1550 2688 nu·

481 2719 693 2755 merus.·
882 2749 887 2752 Α

538 2771 643 2833 m,
674 2780 773 2822 199.
823 2773 897 2823 Zu
930 2773 1047 2824 dem
1080 2783 1288 2823 ornatus
1321 2772 1550 2838 gehiiren

483 2838 689 2897 qndlich
709 2839 842 2889 noch
867 2840 949 2890 die
967 2840 1162 2890 lumina
1180 2842 1547 2892 sententiarum

483 2915 534 2955 et
556 2907 845 2969 verborum,
868 2906 1146 2971 gleichsam
1174 2908 1258 2958 die
1282 2910 1546 2959 einzelnen

483 2971 930 3024 Schmucksachen
953 2991 1005 3024 u.
1019 2975 1300 3036 Pretiosen‚
1322 2976 1405 3026 die
1432 2991 1549 3026 zum

483 3039 644 3090 Glanz
681 3057 732 3092 u.
762 3057 854 3091 zur
876 3041 1061 3091 Pracht
1084 3043 1175 3092 des
1202 3044 1413 3108 Anmgs
1441 3045 1549 3095 die-

484 3123 583 3159 nen
608 3109 700 3172 (—
722 3107 754 3176 3
778 3107 923 3172 210),
948 3125 992 3161 s.
1017 3110 1124 3159 ind.
1150 3110 1359 3162 lumina.

547 3178 683 3240 fere,
708 3191 768 3227 so
788 3177 1042 3241 ziemlich,
1067 3174 1101 3244 3
1122 3175 1242 3229 208.

548 3247 615 3296 de
636 3248 947 3311 ainqulorum
968 3248 1120 3298 laude
1145 3247 1362 3306 verbor„
1392 3245 1423 3314 3
1452 3247 1551 3298 149

483 3312 670 3365 -171,
719 3317 785 3365 de
808 3317 1176 3375 coniunctione,
1201 3312 1232 3381 3
1262 3314 1548 3367 171-173.

483 3384 547 3433 de
582 3398 785 3435 numero
944 3399 971 3434 e
1011 3385 1183 3447 forma
1229 3381 1349 3448 (der‘
1381 3384 1546 3434 Perio—

444 3390 1219 3569 ἢιεηὴῑιᾱιμὶῖἔξυιτεᾱ-ῳῡ.
1275 3452 1289 3531 g

549 3518 659 3569 Sed
671 3534 717 3568 st
834 3521 969 3569 itum.
996 3519 1162 3569 Damit
1181 3518 1387 3570 benihrt
1404 3520 1549 3570 Gras-

481 3600 571 3635 sus
608 3585 857 3635 eunichst
890 3587 1122 3637 kiirzlich
1157 3588 1239 3637 die
1284 3579 1551 3654 σχήματα

479 3643 816 3706 ὑποθέσεων
840 3650 915 3718 (s.
936 3654 1041 3704 ind.
1062 3653 1229 3719 lanu),
1259 3655 1342 3704 die
1361 3656 1552 3718 jedoch

481 3728 659 3786 streng
680 3735 986 3786 genommen
1009 3738 1073 3771 zu
1093 3723 1189 3772 den
1211 3722 1547 3788 cigentlichen

482 3789 676 3839 lumina
701 3788 821 3850 (den
832 3789 1325 3855 Verschiinerungen
1344 3792 1412 3841 im
1428 3792 1550 3841 Ein-

485 3855 696 3923 zelnen)
722 3855 861 3906 nicht
884 3856 1156 3922 gerechnet
1179 3858 1379 3908 werden
1417 3860 1549 3911 kon—

488 3938 606 3975 nen.
1064 3971 1068 3976 .

426 4031 439 4040 .
549 3994 783 4050 habitum,
809 3993 965 4058 Figur
987 3994 1094 4044 und
1112 3994 1334 4060 Haltung
1357 3996 1426 4044 im
1440 3995 1550 4045 All·

481 4061 781 4124 gemeinen,
816 4060 1090 4124 gleichsam
1118 4062 1200 4111 die
1225 4060 1419 4113 Gestalt
1444 4064 1558 4114 und·

481 4126 842 4258 goongtitution,
870 4128 1009 4179 Brut.
1037 4127 1121 4191 63,
1147 4138 1240 4180 227.
1312 4133 1547 4192 colorem,

1715 1824 1874 1887 plen‘a
1906 1827 2032 1883 etc.‚
2065 1822 2159 1870 mit
2179 1820 2477 1886 Baziehung
2514 1821 2614 1873 aui*
2643 1822 2726 1873 die

1651 1889 1758 1939 drei
1817 1904 1969 1939 encra
1994 1890 2215 1953 dicendi,
2234 1888 2400 1955 3177.
2427 1889 2585 1954 plena
2599 1898 2719 1939 ent-

1651 1958 1788 2023 spric
1824 1967 1844 2006 t
1886 1956 2030 2035 gnehr
2076 1958 2196 2008 dem
2236 1972 2401 2022 genus
2436 1958 2726 2010 Asiaticum

1651 2019 1840 2091 (γένος
1863 2016 2063 2090 adeor,
2088 2041 2254 2091 genus
2279 2025 2514 2090 grande).

1717 2102 1872 2151 cerer,
1899 2093 2056 2158 vollig
2079 2094 2185 2144 und
2203 2094 2351 2145 dabei
2377 2092 2596 2145 schlank
2619 2092 2726 2145 uad

1652 2160 1883 2222 zierlich‚
1919 2160 2022 2211 sein
2055 2161 2295 2226 gebildet.
2368 2161 2455 2213 Or.
2476 2158 2543 2224 9,
2568 2171 2626 2213 27
2660 2162 2727 2213 ad

1653 2230 1934 2279 Atticorum
1955 2230 2111 2294 igitur
2134 2244 2284 2280 aures
2309 2237 2495 2279 teretes
2522 2237 2574 2281 et
2598 2230 2725 2280 reli-

1652 2299 1824 2362 giosas
1859 2298 1947 2360 qui
1981 2312 2039 2348 se
2071 2296 2489 2359 accommodant,
2529 2298 2578 2348 ei
2601 2303 2730 2354 suunt,
2835 2324 2839 2328 Δ

1654 2366 1980 2416 existimandi
2049 2366 2216 2417 Attice
2284 2365 2455 2418 dicere
2523 2359 2724 2431 (γένος

1655 2424 1878 2499 ἰσχνόν,
1905 2432 2144 2498 subtile),
2181 2432 2427 2484 wiihread
2439 2433 2545 2486 stet
2567 2450 2593 2482 r
2607 2433 2688 2484 ho
2702 2461 2721 2471 -

1654 2501 1880 2552 dische
1903 2501 2000 2552 Stil
2031 2501 2285 2553 z‘wischen
2321 2501 2442 2552 deu
2473 2502 2725 2554 asiati-

1653 2569 1846 2620 schen
1881 2585 1935 2619 u.
1961 2568 2291 2620 attischen
2324 2569 2408 2622 die
2433 2569 2576 2620 Mitte
2600 2568 2726 2622 hielt

1651 2630 1846 2703 (γένος
1867 2630 2061 2702 μέσον,
2086 2635 2362 2700 medium).

1717 2707 2093 2765 mediocritate,
2118 2720 2170 2770 p.
2198 2703 2446 2770 Mun-30,
2463 2712 2514 2754 &3
2537 2718 2723 2760 omnes

1652 2775 1865 2824 virtutes
1923 2773 2272 2842 mediocritate
2334 2773 2558 2835 quadam
2607 2788 2723 2824 esse

1651 2841 1955 2893 moderatas-

1714 2909 1854 2973 fuco.
1878 2907 1911 2976 3
1939 2905 2055 2960 100.

1719 2987 1810 3027 200.
1831 2977 1952 3028 Tum
1963 2978 2180 3042 denique
2190 3002 2257 3012 —
2268 2977 2403 3027 ‹lann
2425 2985 2549 3040 erst,
2562 2977 2722 3028 nach-

1653 3046 1769 3096 dem
1795 3045 1884 3095 der
1905 3060 2072 3110 ganze
2098 3046 2283 3114 Anzug
2306 3044 2719 3111 geschmackvoll

1652 3113 1900 3178 geordnet
1944 3112 2037 3174 ist,
2087 3112 2208 3177 geht
2256 3127 2312 3163 es
2358 3127 2424 3162 an
2457 3112 2543 3162 die
2580 3113 2721 3163 Aus-

1653 3181 2009 3245 schmiickung
2032 3181 2101 3229 im
2120 3181 2395 3230 Einzelnen
2422 3181 2516 3229 mit
2539 3181 2720 3231 Pel-len

1654 3249 1759 3299 und
1786 3248 2108 3298 Edelsteinen
2125 3284 2139 3306 ‚
2165 3248 2259 3297 mit
2281 3249 2475 3298 andem
2501 3248 2720 3299 Worten

1653 3332 1719 3366 an
1744 3316 1826 3365 die
1853 3318 2194 3381 Anbringung
2213 3317 2305 3366 der
2327 3316 2519 3365 lumina
2539 3319 2722 3368 verbo·
2769 3359 2774 3362 .

1654 3399 1765 3435 rum
1793 3392 1841 3432 et
1865 3385 2247 3434 sententiarum.

1719 3453 1802 3502 llic
1826 3479 1889 3488 —
1913 3453 2008 3502 wie
2031 3453 2124 3501 wir
2138 3451 2225 3501 ihn
2248 3451 2327 3502 bis
2347 3450 2504 3502 «iahia
2520 3452 2716 3515 geklei·

1653 3521 1740 3570 det
1761 3519 1943 3570 haben.
1988 3519 2021 3581 S
2045 3518 2148 3570 123
2168 3520 2364 3569 tradam
2391 3534 2505 3569 eum
2534 3519 2725 3571 Crasso

1654 3596 1704 3639 et
1729 3588 2050 3638 vestiendum
2074 3597 2126 3637 et
2148 3588 2451 3638 ornandum.

1710 3656 2138 3719 ,contemnam
2168 3655 2402 3705 vollends
2427 3663 2718 3719 ausgestat-

1652 3732 1739 3783 tet,
1764 3723 2044 3788 gleichsam
2072 3724 2154 3786 die
2181 3723 2350 3785 letzte,
2374 3722 2721 3773 vollondende

1653 3791 1800 3841 Hand
1836 3799 1899 3841 a'n
1934 3791 2020 3840 ihn
2055 3790 2294 3855 angelegt
2326 3791 2548 3842 werden.
2617 3789 2722 3839 Der

1652 3860 1923 3910 Ausdruck
1958 3860 2026 3909 ist
2058 3857 2360 3909 absichtlich
2382 3858 2593 3923 gewalt,
2629 3873 2719 3908 um

1652 3929 1743 3978 der
1761 3926 2057 3992 Beziehung
2074 3926 2168 3976 auf
2187 3927 2270 3977 die
2289 3926 2484 3976 formae
2508 3925 2630 3975 oder
2653 3926 2720 3974 fi'-

1650 4010 1808 4061 gurae
1831 4003 2049 4126 sfntent.
2078 4002 2127 4044 et
2150 3996 2291 4044 verb.
2316 3994 2481 4043 willen
2510 3990 2581 4058 (s.
2607 3994 2715 4044 ind.

1651 4062 1845 4114 lumina
1879 4099 1890 4111 .

1718 4132 1805 4198 qni
1837 4136 2045 4181 utuntur
2068 4132 2224 4181 armis
2256 4137 2352 4183 etc.
2368 4164 2381 4188 ‚
2409 4129 2491 4180 Or.
2518 4126 2611 4187 68,
2638 4136 2718 4178 228

1650 4200 1715 4254 Ut
1738 4199 1870 4249 enim
1891 4199 2111 4251 athletae
2137 4212 2232 4249 nec
2253 4197 2413 4249 multo
2438 4198 2717 4261 musola-
