2930 4693
806 190 908 254 DE
937 189 1299 255 ORATORE
1330 191 1408 257 111
1454 189 2487 261 35.141-143.275

244 380 424 425 unam
454 360 755 459 quandam
784 360 1051 423 omnium
1079 376 1304 430 rerum,
1335 378 1490 440 quae
1511 368 1711 422 essent
1734 362 1977 437 homine
2008 362 2243 425 erudito
2271 362 2490 443 dignae

247 455 424 547 atque
454 465 546 515 eo,
578 446 683 525 qui
709 446 775 505 in
803 462 871 505 re
899 442 1138 524 publica
1162 443 1339 505 vellet
1360 444 1675 515 excellere,
1707 430 1888 507 fuisse
1912 446 2277 517 doctrinam;
2310 466 2489 529 quam

247 533 350 613 qui
367 531 756 611 accepissent,
787 530 839 589 si
864 527 1103 589 eidem
1085 518 1335 607 ingenio'
1358 528 1434 590 ad
1459 530 1975 609 pronuntiandum
1996 531 2319 594 valuissent
2342 542 2403 594 et
2422 552 2489 595 se

126 652 133 658 ·
244 616 322 678 ad
351 614 673 677 dicendum
701 631 938 694 quoque
968 631 1091 674 non
1119 621 1494 694 repugnante
1536 622 1750 676 natura
1778 615 2108 687 dedissent,
2152 615 2489 697 eloquentia

244 701 635 783 praestitisse.
705 698 909 778 ltaque
949 698 1079 777 ipse
1107 697 1457 760 Aristoteles
1487 717 1624 761 cum
1663 700 1883 762 florere
1915 701 2241 763 Isocratem
2270 702 2484 764 nobili·
2517 711 2615 765 141

246 793 368 848 tate
398 782 826 864 discipulorum
845 781 1093 853 videret,
1124 783 1329 863 quod
1312 801 1365 844 is
1394 801 1531 845 suas
1553 783 1983 864 disputationes
2010 804 2044 846 a
2066 788 2260 848 causis
2287 788 2490 849 foren-

242 870 412 934 sibus
441 876 505 930 et
531 866 802 929 civilibus
830 867 950 928 ad'
932 885 1175 929 manem
1203 870 1500 929 sermonis
1524 868 1879 948 elegantiam
1910 870 2327 943 transtulisset,
2358 890 2488 933 mu-

243 957 393 1017 tavit
441 960 691 1034 repente
740 959 926 1013 totam
977 951 1234 1013 formam
1284 970 1477 1032 prope
1528 952 1874 1033 disciplinae
1931 973 2075 1016 suae
2131 974 2489 1036 versumque

241 1037 547 1120 quendam
573 1037 941 1099 Philoctetae
980 1035 1180 1116 paullo
1222 1055 1395 1099 secus
1433 1037 1602 1099 dixit.
1673 1037 1777 1099 Ille
1819 1041 1980 1101 enim
2024 1044 2225 1121 ‘turpe
2264 1040 2380 1102 sibi
2408 1041 2490 1102 ait

242 1142 379 1186 esse
408 1130 636 1193 tacere,
668 1139 806 1184 cum
834 1119 1156 1192 barbaros,
1160 1125 1183 1157 ’
1225 1123 1325 1184 hic
1354 1130 1585 1194 autem,
1630 1128 1795 1185 ‘cum
1822 1123 2144 1189 Isocratem
2184 1133 2491 1205 pateretur

207 1204 214 1219 ’
243 1209 496 1271 dicere?
541 1207 746 1306 Itaque
775 1207 1008 1267 ornavit
1036 1215 1098 1267 et
1115 1169 1431 1268 illustravit
1452 1207 1785 1270 doctrinam
1805 1207 1967 1270 illam
1993 1227 2232 1271 omnem
2256 1228 2491 1272 rerum-

242 1311 365 1374 que
394 1292 796 1370 cognitionem
825 1309 963 1352 cum
986 1292 1281 1355 orationis.
1294 1293 1719 1354 exercitatione
1740 1295 2065 1355 coniunxit.
2110 1294 2318 1373 Neque
2348 1312 2488 1356 vero

243 1378 366 1440 hoc
406 1377 559 1454 fugit
598 1376 1105 1456 sapientissimum
1144 1393 1352 1454 regem
1392 1375 1765 1456 Philippum,
1808 1378 1912 1457 qui
1951 1378 2112 1439 hunc
2154 1378 2489 1441 Alexandro

242 1461 369 1523 filio
401 1460 712 1522 doctorem
738 1461 1013 1531 accierit,
1056 1478 1090 1520 a
1120 1479 1239 1540 quo
1270 1459 1483 1521 eodem
1520 1459 1623 1522 ille
1653 1469 1715 1521 et
1743 1461 1958 1539 agendi
1986 1464 2285 1541 acciperet
2317 1481 2490 1543 prae·

241 1554 422 1626 cepta
451 1552 510 1606 et
540 1543 874 1625 eloquendi.
926 1544 1099 1607 Nunc
1129 1547 1251 1605 sive
1281 1546 1385 1625 qui
1410 1544 1586 1616 volet,
1617 1563 1754 1606 eum
1783 1544 2223 1625 philosophum,
2256 1549 2359 1626 qui
2388 1565 2486 1609 co·
2518 1552 2622 1606 142

241 1632 408 1711 piam
437 1629 614 1691 nobis
640 1648 846 1691 rerum
876 1631 1281 1709 orationisque
1321 1629 1547 1701 tradat,
1590 1648 1700 1708 per
1741 1648 1837 1690 me
1888 1628 2147 1710 appellet
2189 1638 2490 1693 oratorem

241 1715 418 1783 licen
465 1717 587 1776 sive
626 1715 788 1775 hunc
817 1721 1148 1784 oratorem,
1193 1731 1373 1793 quem
1403 1731 1517 1792 ego
1546 1713 1682 1775 dico
1709 1715 2059 1793 sapientiam
2089 1716 2351 1776 iunctam
2382 1715 2489 1776 ha-

240 1799 394 1861 here
434 1798 838 1878 eloquentiae,
890 1796 1313 1878 philosophum
1355 1798 1657 1877 appellare
1700 1797 1909 1868 malet,
1962 1817 2086 1861 non
2134 1799 2488 1879 impediam,

242 1882 573 1946 dummodo
602 1883 718 1943 hoc
751 1890 1014 1953 constet,
1059 1900 1254 1963 neque
1283 1882 1594 1944 infantiam
1636 1884 1791 1953 eius,
1837 1885 1940 1963 qui
1978 1902 2107 1945 rem
2149 1886 2337 1953 norit,
2382 1883 2490 1946 sed

238 1985 382 2029 eam
413 1965 713 2046 explicare
744 1965 998 2028 dicendo
1029 1984 1151 2027 non
1180 1974 1385 2046 queat,
1419 1985 1614 2046 neque
1641 1968 2014 2029 inscientiam
2045 1967 2232 2039 illius,
2264 1970 2363 2030 cui
2392 1986 2491 2029 res

241 2069 372 2115 non
400 2057 705 2131 suppetat,
750 2050 928 2111 verba
957 2068 1080 2112 non
1109 2050 1332 2121 desint,
1375 2070 1505 2113 esse
1546 2051 1929 2123 laudandam;
1976 2072 2232 2134 quorum
2257 2055 2313 2114 si
2342 2052 2489 2114 alte·-

241 2155 383 2199 rum
428 2136 504 2196 sit
546 2135 899 2214 optandum,
943 2134 1147 2197 malim
1191 2135 1468 2214 equidem
1505 2135 1860 2199 infflsertam
1899 2138 2281 2217 prudentiam
2309 2155 2490 2216 quam

239 2219 555 2283 stultitiam
583 2220 912 2300 loquacem.
992 2220 1100 2281 Sin
1141 2222 1488 2300 quaerimus
1515 2220 1657 2301 quid
1687 2239 1874 2282 unum
1904 2220 2152 2283 excellat
2191 2240 2266 2282 ex
2295 2221 2488 2282 omni-
2516 2230 2624 2289 143
2657 2278 2666 2281 -

241 2304 391 2377 buS,
434 2304 608 2366 docto
653 2306 878 2366 oratori
916 2304 1113 2385 palma
1156 2304 1349 2367 danda
1396 2312 1505 2367 est.
1594 2304 1784 2377 Quem
1816 2306 1867 2366 si
1894 2307 2200 2385 patiuntur
2231 2303 2489 2367 eundem

242 2409 380 2452 esse
408 2389 848 2470 philosophum,
881 2389 1111 2451 sublata
1143 2392 1548 2450 controversia
1578 2396 1686 2451 est.
1747 2389 1854 2450 Sin
1884 2409 1987 2451 eos
2016 2390 2341 2469 diiungent,
2374 2390 2491 2452 hoc

242 2481 428 2537 erunt
451 2475 788 2544 inferiores,
813 2473 973 2554 quod
992 2475 1057 2534 in
1080 2482 1317 2534 oratore
1347 2473 1616 2553 perfecto
1635 2475 1791 2535 inest
1818 2472 2058 2536 illorum
2081 2477 2274 2536 omnis
2297 2476 2491 2535 scien-

242 2561 350 2632 tia,
379 2560 444 2620 in
464 2556 957 2639 philosophorum
980 2565 1180 2620 autem
1203 2560 1542 2636 cognitione
1567 2576 1689 2620 non
1712 2560 1993 2621 continuo
2020 2560 2178 2620 inest
2205 2558 2492 2639 eloquen-

243 2646 329 2705 tia
344 2664 369 2714 ;.
407 2661 556 2724 quae
588 2644 855 2723 quamvis
884 2649 1298 2703 contemnatur
1327 2640 1401 2704 ab
1433 2644 1549 2712 eia,
1595 2659 1841 2704 necesse
1870 2651 1961 2704 est
1989 2651 2192 2705 tamen
2233 2642 2492 2723 aliquem

244 2727 553 2790 cumulum
580 2726 820 2788 illorum
852 2726 1079 2788 artibus
1109 2725 1345 2788 adferre
1372 2727 1661 2789 videatur.

316 2912 403 2973 35,
430 2922 523 2964 141.
560 2913 876 2963 Aristoteles
910 2919 1034 2973 etc„
1071 2911 1192 2961 dass
1228 2911 1318 2962 der

246 2981 462 3043 Zulaut'‚
496 2981 597 3032 den
622 2981 879 3031 Isokrates
909 2980 989 3030 ala
1012 2977 1204 3028 Lehrer
1226 2980 1319 3029 der

245 3048 496 3100 Rhetorik
543 3047 707 3110 hatte,
756 3048 839 3098 fiir
882 3047 1186 3099 Aristotelea
1236 3047 1318 3097 die

244 3115 641 3180 Veranlassung
661 3131 927 3195 gewesen‚
963 3114 1095 3166 auch
1119 3117 1319 3165 seiner-

243 3185 375 3235 aeits
392 3184 475 3233 die
500 3182 747 3233 Rhetorik
765 3185 861 3234 mit
879 3184 970 3234 der
988 3181 1318 3246 Philosophia

246 3265 318 3302 zu
367 3250 686 3309 verbinden,
743 3251 869 3301 wird
927 3250 1086 3301 fifters
1141 3250 1317 3300 erzilt.

244 3319 406 3371 mese
424 3317 668 3367 Rivalitat
689 3318 867 3367 beider
890 3316 1037 3367 rant
1024 3332 1076 3367 ιιι
1103 3317 1187 3368 die
1210 3317 1321 3367 Zeit

246 3402 355 3438 von
390 3385 694 3434 Aristotelea
729 3393 913 3434 erstem
949 3383 1221 3435 Auftreten
1266 3385 1319 3435 in

144 3485 167 3497 -
249 3454 421 3505 Athen
446 3450 749 3516 (367-348
770 3468 823 3532 v..
852 3449 1017 3531 Chia).
1157 3520 1167 3531 .
1274 3521 1285 3532 ⁶

249 3539 419 3640 quga
532 3536 708 3647 33⁴an
722 3520 1321 3638 ᾶξὲΐιιῖιᾟῖζιιῖῗιῗίεῗέῗ

250 3657 380 3707 teles
413 3655 607 3722 gehen,
641 3655 891 3706 wahrend
919 3655 1054 3706 doch
1087 3669 1185 3704 nur
1209 3657 1322 3706 Iso-

254 3725 424 3775 krates
447 3725 675 3789 gemeint
707 3725 820 3774 sein
846 3725 1009 3786 kann,
1049 3738 1096 3773 a.
1120 3722 1178 3773 d.
1203 3724 1320 3773 krit.

252 3791 492 3856 Anhang.

319 3860 656 3920 Philoctetae,
677 3859 800 3909 oder
818 3857 1175 3908 dePhilocteta
1189 3857 1321 3923 (was

255 3924 393 3977 Bake
422 3924 702 3990 voraieht),
741 3929 852 3976 ‘ans
888 3927 1005 3976 dem
1030 3922 1318 3984 Philoctet,'

253 3992 396 4044 Brut.
420 3994 506 4056 21,
525 4002 604 4054 833
640 3992 729 4054 33,
750 4003 856 4051 1253
872 3991 965 4057 49,
991 3992 1200 4056 1⁸1350,
1225 4001 1320 4044 1⁸0.

256 4060 341 4112 Or.
361 4060 448 4126 70,
467 4071 564 4114 2³8.
588 4061 689 4111 Der
705 4062 838 4111 Vera
856 4075 960 4112 war
973 4060 1317 4114 wahmhein·

254 4127 353 4178 liuh
377 4144 473 4181 aus
497 4130 771 4197 Euripides
796 4128 1051 4180 Philoktet
1073 4129 1183 4181 und
1205 4129 1316 4179 lau·

256 4204 383 4249 lactet

1453 2902 1601 2978 ὑπέρ
1635 2927 1701 2978 γε
1734 2908 1932 2978 μέντοι
1965 2905 2183 2973 παντὸς
2211 2904 2493 2991 Ἑλλήνων

2053 2979 2335 3059 -στρατοῦ

1454 3039 1697 3114 αἰσχρὸν
1715 3049 1955 3114 σιωπᾶν,
1940 3041 2294 3182 ‚patefit-{cova
2312 3039 2364 3100 δ’
2387 3039 2494 3114 ἕᾶιν

1419 3182 1586 3233 wofiir
1609 3183 1910 3234 Aristoteles
1934 3117 2310 3234 substituigxftz·

1455 3242 1698 3317 αἰσχρὸν
1716 3248 1955 3313 σιωπᾶν,
1969 3240 2367 3316 Ἰσοκράτηνιῗ
2387 3241 2492 3302 ἐᾶν

1489 3399 1680 3436 omnem
1713 3400 1884 3435 rerum
1918 3286 2293 3449 coam-1333:
2319 3385 2365 3434 ll
2401 3381 2489 3448 38,

1420 3460 1585 3569 monz
1621 3519 1873 3582 infanlia,
1897 3516 1931 3578 S
1960 3516 2082 3578 198,
2105 3518 2202 3569 das

1419 3602 1525 3636 von
1551 3587 1864 3649 eloquentia,
1899 3586 2026 3651 Top.
2052 3555 2137 3646 2’1,
2172 3595 2226 3636 θα
2257 3587 2492 3652 possitne

1418 3655 1719 3717 eloquentia
1742 3655 2139 3704 commutatione
2170 3655 2344 3716 aliqua
2366 3666 2488 3705 con-

1422 3724 1552 3773 verti
1574 3724 1629 3772 in
1653 3721 1941 3782 infantiam,
1967 3722 2063 3771 wie
2082 3723 2173 3772 das
2193 3723 2296 3772 adi.
2318 3721 2491 3772 infans

2225 3516 2491 3584 Gegenteil

1420 3790 1496 3840 im
1520 3789 1807 3855 Gegensatz
1832 3804 1936 3839 von
1960 3791 2201 3850 disertus,
2234 3790 2381 3841 Brut.
2407 3786 2493 3852 19,
2560 3815 2566 3826 ·

1422 3868 1498 3915 77;
1524 3857 1610 3920 23,
1636 3866 1713 3918 ⁹⁰3
1738 3855 1824 3919 26,
1850 3866 1951 3915 ιοι;
1976 3856 2062 3920 28,
2091 3867 2181 3908 ios.

1490 3941 1580 3976 rea
1603 3950 1672 3962 --
1693 3926 1866 3982 verba,
1891 3927 1913 3975 1
1938 3924 1991 3988 6,
2016 3935 2084 3976 2⁰.
2134 3926 2181 3975 11
2202 3924 2289 3982 41,
2317 3933 2411 3976 177.

1489 3995 1561 4043 eie
1580 3995 1884 4057 optandam,
1919 4008 2069 4044 weun
2096 3994 2263 4043 einem
2288 4007 2386 4043 nur
2407 3992 2493 4044 die

1421 4060 1544 4110 Wal
1567 4061 1752 4111 bliebe.

1491 4137 1584 4180 143.
1616 4129 1898 4193 inferiores
1920 4143 1996 4178 sc.
2021 4126 2332 4195 philosophi,
2357 4128 2380 4180 1
2407 4125 2491 4192 u,
