2930 4693
874 208 973 271 DE
1019 206 1378 271 ORATORE
1419 205 1501 269 111
1552 205 1647 269 12.
1690 215 1936 266 42—44.
2391 213 2523 280 239

281 377 591 442 muliebris
619 384 722 439 aut
749 378 917 456 quasi
945 383 1113 438 extra
1139 375 1386 438 modum
1415 374 1643 436 absona
1670 382 1846 455 atque
1869 374 2145 439 absurda.
2191 377 2298 440 Est
2317 385 2519 443 autem
2560 390 2635 441 42

282 465 504 532 vitium,
556 462 716 541 quod
758 459 1029 522 nonnulli
1070 461 1146 521 de
1187 460 1480 521 industria
1522 467 1969 522 consectantur:
2025 464 2247 523 rustica
2297 482 2410 525 vox
2458 471 2520 525 et

281 549 533 627 agrestis
581 545 868 626 quosdam
909 544 1182 616 delectat,
1233 561 1351 625 quo
1401 545 1592 622 magis
1631 546 2060 624 antiquitatem,
2113 547 2165 607 si
2203 548 2286 607 ita
2325 558 2517 619 sonet,

280 649 492 694 eorum
521 649 722 691 sermo
747 629 1011 691 retinere
1039 629 1339 699 videntum
1380 636 1452 689 ut
1492 639 1645 700 tuuS,
1690 627 1910 699 Catule,
1954 629 2189 701 sodalis,
2232 630 2297 691 L.
2329 632 2518 704 Cotta,

281 715 544 795 gaudere
594 716 744 775 mihi
784 713 1016 775 videtur
1062 716 1347 793 gravitate
1390 711 1630 792 linguae
1680 731 1947 794 sonoque
1990 716 2154 776 vocis
2196 718 2418 794 agresti
2459 724 2521 778 et

279 798 445 871 illud,
477 800 636 879 quod
666 798 948 878 loquitur,
991 799 1256 878 priscum
1285 800 1478 858 visum
1505 799 1583 858 iri
1610 805 1796 877 putat,
1840 799 1892 860 si
1920 798 2097 878 plane
2126 800 2308 862 fuerit
2336 803 2520 862 rusti-

280 902 519 946 canum.
606 884 701 944 Me
740 891 941 944 autem
990 889 1128 945 tuus
1170 900 1354 944 sonus
1395 889 1456 943 et
1498 881 1792 943 subtilitas
1831 883 1943 943 ista
1984 882 2254 954 delectat,
2307 888 2520 947 omitto

280 968 621 1038 verborum,
653 984 1010 1047 quamquam
1041 974 1132 1029 est
1160 973 1365 1046 caput;
1408 984 1617 1028 verum
1645 966 1707 1027 id
1737 966 1932 1027 adfert
1959 969 2130 1038 ratio,
2175 968 2395 1030 docent
2422 969 2521 1031 lit·

280 1060 470 1123 terae,
502 1052 816 1113 confirmat
844 1050 1209 1121 consuetudo
1239 1058 1301 1112 et
1326 1050 1567 1130 legendi
1596 1058 1657 1112 et
1683 1049 1995 1131 loquendi;
2037 1052 2143 1113 sed
2186 1053 2341 1114 hanc
2383 1055 2519 1116 dico

279 1138 646 1206 suavitatem,
700 1154 851 1215 quae
893 1136 1014 1196 exit
1053 1153 1126 1196 ex
1165 1153 1301 1205 ore;
1355 1153 1508 1215 quae
1547 1136 1786 1216 quidem
1828 1142 1895 1196 ut
1935 1136 2090 1217 apud
2119 1138 2378 1199 Graecos
2417 1140 2520 1200 At-

280 1223 537 1283 ticorum
555 1268 570 1290 ,
614 1222 700 1280 sic
740 1221 805 1280 in
835 1220 1044 1281 Latino
1088 1237 1366 1284 sermone
1408 1220 1585 1281 huius
1628 1227 1719 1282 est
1757 1219 1926 1281 urhis
1966 1223 2222 1283 maxime
2250 1225 2515 1302 propria.

280 1305 528 1367 Athenis
549 1307 666 1365 iam
689 1304 790 1365 diu
813 1304 1082 1365 doctrina
1106 1306 1370 1384 ipsorum
1392 1304 1841 1365 Atheniensium
1860 1306 2119 1375 interiit;
2153 1307 2517 1370 domicilium
2560 1312 2636 1367 43

280 1396 512 1451 tantum
539 1390 603 1449 in
632 1387 733 1450 illa
763 1387 914 1450 urbe
942 1395 1217 1450 remanet
1242 1388 1595 1457 studiorum,
1639 1388 1855 1469 quibus
1883 1398 2094 1451 vacant
2123 1392 2300 1461 civeS,
2343 1409 2518 1471 pere-

281 1475 443 1552 grini
454 1474 732 1535 fruuntur
754 1474 912 1553 capti
925 1473 1361 1552 quodammodo
1384 1474 1629 1534 nomine
1648 1472 1817 1533 urhis
1840 1480 1901 1534 et
1913 1476 2291 1546 auctoritate;
2316 1482 2520 1542 tamen

281 1558 715 1619 eruditissimos
762 1557 1035 1618 homines
1075 1559 1360 1620 Asiaticos
1417 1558 1606 1637 quivis
1646 1557 2024 1618 Atheniensis
2079 1559 2354 1620 indoctus
2396 1578 2521 1622 non

281 1641 512 1712 verbis,
572 1641 677 1703 sed
732 1660 881 1703 sono
933 1643 1095 1703 vocis
1147 1659 1261 1702 nec
1314 1647 1432 1702 tam
1488 1639 1644 1702 hene
1686 1659 1863 1720 quam
1905 1643 2164 1704 suaviter
2216 1641 2520 1721 loquendo

284 1725 457 1788 facile
497 1725 819 1805 superabit.
906 1726 1108 1787 Nostri
1149 1727 1344 1787 minus
1384 1726 1625 1787 student
1663 1724 1877 1787 litteris
1927 1745 2104 1806 quam
2145 1726 2372 1797 Latini;
2428 1736 2521 1790 ta-

284 1829 424 1872 men
466 1829 539 1871 ex
564 1812 719 1881 istiS,
764 1829 914 1890 quos
941 1812 1146 1882 nostis,
1177 1810 1453 1880 urbanis,
1494 1811 1559 1871 in
1588 1809 1803 1890 quibus
1831 1811 2146 1872 minimum
2175 1818 2266 1872 est
2292 1811 2522 1873 littera-

283 1913 438 1966 rum,
464 1913 639 1956 nemo
663 1901 757 1956 est
775 1896 921 1974 quin
941 1894 1433 1956 litteratissimum
1456 1901 1795 1974 togatorum
1816 1897 2103 1967 omnium,
2127 1896 2198 1967 Q.
2221 1895 2521 1958 Valerium

283 1980 597 2050 Soranum,
629 1978 873 2041 lenitate
902 1981 1063 2040 vocis
1091 1986 1268 2059 atque
1294 1981 1426 2059 ipso
1456 1981 1579 2040 oris
1607 1996 1820 2060 pressu
1849 1986 1910 2040 et
1937 1998 2085 2042 sono
2107 1980 2279 2041 facile
2301 1983 2517 2043 vincat.

282 2063 482 2136 Quare
513 2082 649 2125 cum
690 2065 767 2125 sit
803 2062 1095 2144 quaedam
1139 2071 1299 2125 certa
1341 2083 1453 2126 vox
1482 2065 1737 2126 Romani
1777 2066 2016 2143 generis
2055 2065 2340 2146 urbisque
2368 2086 2510 2146 pro·
2527 2061 2697 2135 1244

281 2317 349 2369 ab
375 2316 537 2374 omni,
576 2316 714 2380 quod
738 2315 978 2368 abhorret
1002 2317 1065 2367 ab
1091 2315 1353 2368 oculorum

282 2385 589 2447 auriumque
611 2385 980 2450 approbatione
1004 2383 1261 2449 fugiamus
1284 2410 1354 2420 —

283 2451 479 2512 Quibus
505 2453 557 2501 in
582 2452 733 2502 rebus
759 2452 858 2502 duo
882 2452 1103 2501 maxime
1128 2463 1247 2501 sunt
1271 2451 1350 2501 fu-

280 2520 492 2584 gienda,
516 2534 583 2568 ne
605 2519 731 2582 quid
753 2519 1099 2569 effeminatum
1118 2529 1205 2568 aut
1223 2520 1354 2568 mol-

285 2588 349 2645 le,
378 2595 428 2636 et
452 2601 518 2636 ne
540 2587 662 2648 quid
686 2587 869 2637 durum
887 2595 977 2637 aut
992 2586 1239 2636 rusticum
1265 2588 1353 2636 sit.

285 2653 1352 2780 ,ιρῗιιῗζὲῑῖῗῗιίῗιῃᾱὲἱῖἑᾙῗὲῖᾞῖᾗῖἒὲἶ

285 2789 426 2840 nicht
450 2790 603 2839 elwa:
626 2791 750 2840 iiber
772 2789 856 2839 die
881 2790 1103 2850 Massen‚
1129 2789 1350 2839 sondern

283 2857 421 2908 ohne
439 2857 574 2906 allen
596 2857 761 2921 Klang
783 2857 908 2906 oder
928 2855 1145 2906 Melodie
1168 2852 1228 2920 (S
1256 2854 1350 2905 171

285 2941 340 2978 u.
367 2923 509 2987 173).
556 2925 639 2975 Or.
665 2924 752 2986 57,
788 2932 863 2973 195
898 2934 1042 2973 extra
1067 2938 1351 2973 numerum.

283 2993 408 3043 Hor.
434 2992 584 3057 epist.
610 2992 634 3040 I
661 2989 741 3049 18,
767 2999 820 3041 ⁶9
845 2990 1089 3050 Quamvis
1116 2991 1184 3041 nil
1209 2999 1354 3042 extra

285 3075 553 3111 numerum
610 3057 796 3109 fecisse
848 3059 1159 3121 modumque
1193 3058 1354 3110 Guras

286 3123 349 3193 (S
371 3125 515 3192 196).
540 3126 751 3185 absona,
776 3126 1081 3178 mistiinend.
1106 3127 1351 3187 absu‘rda,

285 3194 714 3259 widrigklingend
751 3192 910 3259 (eben
934 3193 1185 3254 dadurch‚
1230 3194 1353 3245 dass

288 3264 368 3315 sie
391 3272 538 3314 extra
558 3262 769 3313 modum
794 3259 907 3326 ist).

353 3338 423 3379 42.
459 3331 535 3379 ita
568 3344 645 3379 sc.
678 3330 887 3379 rustice.
947 3329 1169 3390 sodalis,
1197 3329 1243 3377 Π
1266 3327 1353 3386 47,

287 3406 381 3448 197.
404 3400 662 3463 yranitate
679 3399 897 3462 linquae,
908 3395 1133 3446 schwere
1143 3395 1355 3462 plumpe

285 3464 644 3531 Aussprache,
670 3480 714 3515 s.
737 3464 847 3514 ind.
875 3464 1041 3515 Cotta.

352 3532 622 3589 subtilitas,
649 3531 767 3593 117,
793 3540 861 3582 28.
885 3530 1067 3581 Einl.1
1092 3527 1224 3596 815,
1252 3538 1346 3580 178.

284 3602 426 3652 ratio
441 3637 455 3662 ‚
482 3599 568 3649 die
589 3599 826 3661 Theorie‚
846 3597 1187 3649 theoretische
1212 3594 1349 3661 (me-

287 3664 585 3733 thodisehe)
618 3664 983 3730 Beobachtung
1019 3665 1128 3715 und
1167 3664 1352 3715 Unter-

285 3733 1207 3868 afflg'fliggfe’rsgieffissoemm‘
1232 3748 1354 3784 con-

281 3818 376 3854 sue
504 3816 595 3858 ,o
680 3814 1231 3865 eteeeung.·

355 3871 501 3921 lucius
532 3870 675 3920 urbis
713 3895 779 3907 —-
817 3869 895 3919 als
930 3869 1022 3918 der
1055 3867 1353 3931 Metropolis

286 3936 416 3986 aller
438 3937 661 4002 Bildung
684 3937 790 3987 und
813 3935 981 3987 reinen
1004 3936 1160 3987 Tons.
1210 3934 1354 3986 Brut.

286 4003 385 4064 46,
423 4013 495 4055 171
542 4015 621 4054 est
650 4005 750 4054 iste
778 4029 840 4039 —
862 4003 1167 4055 urbanitatis
1190 4005 1351 4055 color.

288 4073 348 4122 Id
381 4080 438 4122 tu
472 4097 541 4107 —
571 4071 867 4137 intelleges,
910 4085 1025 4120 cum
1060 4072 1115 4122 in
1139 4070 1353 4123 Galliam

287 4139 521 4197 venerim
540 4139 718 4190 audies
735 4148 791 4188 tu
801 4138 1009 4202 quidem
1028 4140 1180 4189 etiam
1198 4139 1353 4189 verba

284 4207 542 4269 quaedam
566 4222 670 4257 non
692 4207 811 4257 trita
833 4206 1049 4269 Romae,
1095 4207 1192 4258 sed
1223 4203 1353 4255 haec

1457 2316 1644 2367 mutari
1667 2315 1969 2380 dediscique
2001 2327 2244 2383 possunt3
2280 2316 2406 2369 illud
2443 2325 2525 2370 est

1454 2385 1649 2443 maius,
1698 2385 1837 2448 quod
1882 2385 1934 2434 in
1982 2386 2190 2436 vocibus
2233 2395 2522 2439 nostrorum

1456 2453 1530 2515 (d.
1555 2450 1608 2501 h.
1634 2452 1781 2502 derer
1804 2451 1889 2501 die
1912 2467 2006 2502 aus
2032 2454 2160 2503 Rom
2185 2453 2324 2516 sind)
2350 2464 2521 2505 orato·

1453 2534 1564 2568 rum
1583 2519 1790 2569 retinnit
1807 2520 2050 2581 quiddam
2071 2531 2120 2570 et
2134 2531 2343 2571 resonat
2364 2522 2521 2572 urba·

1454 2587 1590 2638 nius.
1605 2611 1668 2623 --
1683 2585 1897 2638 Omnino
1921 2588 1970 2637 in
2001 2588 2186 2638 nostris
2211 2599 2289 2639 est
2312 2589 2523 2652 quidam

1452 2655 1791 2718 urbanorum,
1862 2655 1997 2705 sicut
2055 2655 2156 2704 illic
2214 2657 2521 2716 Atticorum,

1453 2736 1633 2771 sonus.

1520 2797 1590 2838 43.
1632 2796 1846 2850 vacant,
1894 2802 2067 2838 woran
2112 2789 2197 2839 die
2239 2789 2524 2841 Einheimi-

1453 2855 1612 2905 schen
1635 2856 1821 2906 keinen
1846 2858 2017 2906 Anteil
2044 2857 2280 2909 nehmen.

1520 2924 1812 2984 Asiaticos,
1853 2925 1949 2974 mit
1982 2923 2116 2975 ihrer
2145 2926 2328 2988 fieren,
2369 2924 2526 2976 hohi·

1451 2991 1766 3057 klingenden
1794 2992 2140 3058 Aussprache.
2177 2993 2259 3044 Or.
2296 2992 2371 3055 18,
2394 3003 2448 3044 25
2469 3009 2524 3045 u.

1453 3068 1506 3110 27
1534 3074 1652 3108 cum
1676 3074 1797 3109 vero
1822 3059 2249 3125 (Demosthenes)
2284 3062 2528 3111 inclinata

1454 3126 1774 3190 ululantique
1796 3141 1924 3177 voce
1941 3142 2082 3178 more
2101 3129 2323 3178 Asiatico
2343 3142 2527 3179 canere

1455 3194 1735 3260 coepisset,
1762 3196 1876 3258 quis
1901 3209 2017 3244 eum
2040 3194 2230 3246 ferret?

1525 3262 1870 3312 Atheniensis.
1931 3260 2013 3314 Or.
2037 3260 2098 3324 9,
2123 3271 2174 3312 27
2217 3262 2300 3312 Ad
2324 3263 2524 3312 Attico·

1453 3343 1571 3378 rum
1591 3330 1748 3393 igitur
1770 3342 1921 3378 aures
1942 3336 2129 3379 teretes
2147 3337 2237 3379 aut
2253 3330 2527 3394 religiosas

1457 3396 1546 3461 qui
1570 3410 1628 3447 se
1650 3395 2059 3458 accommodant,
2112 3396 2158 3446 ei
2193 3404 2315 3446 sunt
2347 3397 2529 3447 existi·

1455 3463 1632 3513 mandi
1657 3464 1808 3512 attice
1831 3463 2022 3513 dicere.

1522 3532 1726 3587 Latini,
1752 3530 1837 3580 die
1858 3528 2160 3580 ausserhalb
2185 3530 2344 3581 Roms
2368 3530 2523 3581 leben

1454 3596 1562 3662 (die
1585 3613 1680 3648 aus
1703 3599 1795 3648 der
1817 3595 2081 3660 provinz).

1523 3681 1651 3732 quos
1681 3666 1844 3716 nostis
1876 3691 1941 3702 —
1975 3664 2199 3716 udmlich
2230 3666 2329 3715 wie
2350 3666 2524 3732 wenig

1453 3734 1531 3784 sie
1545 3732 1657 3783 sich
1676 3733 1768 3782 mit
1783 3732 2304 3784 wissenschaftlichen
2316 3734 2522 3798 Dingeu

1453 3801 1520 3852 ab
1560 3802 1709 3851 eben.

1523 3815 1833 3933 §water-um,
1858 3867 1929 3917 im
1951 3869 2212 3918 weitesten
2239 3867 2393 3918 Sinn:
2420 3881 2527 3917 von

1454 3934 1589 3985 allen
1604 3973 1619 3996 ,
1644 3935 1728 3985 die
1751 3934 1844 3984 das
1867 3934 2119 3986 romische
2144 3935 2526 3985 Nationalkleid

1452 4010 1634 4067 tragen
1660 4003 1712 4053 d.
1737 4001 1789 4052 h.
1825 4002 1911 4053 die
1932 4001 2223 4069 uberhaupt
2253 4001 2525 4053 lateinisch

1454 4067 1723 4136 sprecben.
1773 4070 1921 4121 Verr.
1949 4070 1994 4119 V
2017 4067 2113 4134 60,
2140 4079 2215 4120 157
2250 4070 2335 4133 qui
2379 4070 2525 4136 apud

1454 4139 1698 4189 barbaros
1721 4144 1930 4204 propter
1955 4145 2106 4204 togae
2145 4150 2326 4189 nomen
2354 4139 2408 4189 in
2431 4137 2533 4189 ho-

1453 4219 1580 4256 nore
1602 4205 1773 4269 aliquo
1797 4205 2035 4257 fuissent.
