2930 4693
861 227 959 291 DE
989 227 1344 290 ORATORE
1371 229 1398 289 l
1439 225 1541 288 23.
1577 234 1882 292 loo-109.
2397 235 2475 294 41

264 401 746 483 eloquentissimo
790 405 965 480 atque
1001 418 1076 460 ex
1120 416 1219 470 eo,
1273 400 1373 480 qui
1415 416 1535 459 non
1564 399 1627 459 in
1656 397 1899 470 libellis,
1953 398 2059 459 sed
2102 399 2168 460 in
2216 400 2486 460 maximis

263 488 454 549 causis
497 494 556 547 et
595 487 658 546 in
690 485 804 546 hoc
834 484 1131 546 domicilio
1160 484 1399 564 imperii
1440 490 1501 545 et
1540 483 1761 563 gloriae
1791 485 1867 544 sit
1894 482 2139 545 consilio
2168 483 2486 564 linguaque

258 575 539 653 princeps
561 620 577 643 ‚
632 571 801 632 cuius
842 571 1086 648 vestigia
1115 571 1393 650 persequi
1422 570 1694 650 cupiunt,
1749 570 1875 630 eius
1905 570 2256 630 sententiam
2286 570 2485 630 scisci-

259 665 479 719 tantur.
538 655 829 736 Equidem
852 663 910 716 te
934 673 1069 715 cum
1098 656 1160 715 in
1190 654 1442 715 dicendo
1474 672 1711 736 semper
1740 656 1936 734 putavi
1965 655 2160 728 deum,
2193 662 2318 715 tum
2347 672 2489 715 vero
2520 663 2622 716 106

258 743 369 804 tibi
394 760 720 822 numquam
760 740 1131 821 eloquentiae
1176 741 1462 801 maiorem
1497 740 1681 801 tribui
1714 739 1946 802 laudem
1962 788 1978 811 ,
2010 758 2187 820 quam
2217 739 2488 800 humani-

261 830 429 898 tatis;
462 845 577 908 qua
592 844 753 888 nunc
782 828 868 887 uti
895 825 987 886 vel
1017 827 1271 889 maxime
1301 825 1474 886 decet
1502 831 1561 886 te
1592 844 1783 905 neque
1815 825 2098 904 defugere
2130 843 2260 886 eam
2291 823 2489 904 dispu-

260 915 562 984 tationem,
596 911 671 973 ad
700 930 878 992 quam
906 918 965 973 te
995 911 1111 973 duo
1143 910 1500 972 excellentes
1525 912 1779 989 ingeniis
1810 910 2217 972 adulescentes
2246 911 2492 991 cupiunt

263 998 568 1060 accedere.
603 996 686 1079 ss

431 1085 557 1163 Ego
586 1100 756 1154 vero,
801 1083 871 1143 in
889 1083 1075 1162 quit,
1118 1082 1247 1142 istis
1277 1080 1525 1162 obsequi
1566 1081 1773 1143 studeo
1817 1100 2009 1163 neque
2040 1078 2332 1159 gravabor
2358 1078 2497 1141 bre—
2531 1084 2628 1138 107

262 1171 412 1230 viter
440 1187 576 1230 meo
605 1185 800 1239 more,
853 1167 995 1247 quid
1024 1186 1255 1248 quaque
1286 1168 1359 1228 de
1388 1185 1457 1228 re
1487 1168 1737 1229 sentiam
1756 1214 1771 1239 ,
1824 1166 2040 1229 dicere.
2121 1166 2204 1227 Ac
2232 1166 2489 1246 primum

261 1253 409 1316 illud
462 1254 759 1335 (quoniam
790 1254 1196 1314 auctoritatem
1247 1260 1411 1315 tuam
1458 1251 1778 1332 neglegere
1802 1301 1816 1325 ,
1873 1251 2182 1322 Scaevola,
2227 1252 2316 1312 fas
2344 1251 2493 1312 mihi

265 1359 387 1401 non
417 1357 544 1401 esse
573 1338 735 1419 puto)
766 1337 1129 1418 respondeo,
1172 1337 1320 1399 mihi
1350 1337 1587 1399 dicendi
1616 1344 1717 1399 aut
1746 1337 1969 1399 nullam
1997 1346 2187 1400 artem
2226 1343 2328 1398 aut
2354 1354 2490 1416 per-

266 1433 506 1487 tenuem
529 1424 734 1496 videri,
766 1423 871 1484 sed
900 1442 1135 1484 omnem
1169 1442 1296 1485 esse
1328 1425 1771 1484 contentionem
1799 1425 1957 1484 inter
1984 1423 2256 1484 homines
2287 1422 2492 1484 doctos

265 1512 329 1572 in
357 1508 524 1572 verbi
553 1510 949 1571 controversia
980 1511 1251 1588 positam.
1333 1510 1483 1571 Nam
1512 1509 1563 1570 si
1592 1527 1689 1571 ars
1718 1509 1800 1570 ita
1829 1508 2106 1570 definitur
2131 1557 2145 1581 ,
2199 1515 2267 1569 ut
2299 1505 2497 1588 paullo
2532 1515 2631 1567 108

266 1603 403 1658 ante
426 1597 693 1677 exposuit
714 1595 1002 1656 Antonius
1016 1641 1032 1664 ,
1065 1613 1138 1655 ex
1161 1594 1341 1655 rebus
1362 1596 1598 1674 penitus
1620 1595 1947 1675 perspectis
1969 1593 2260 1674 planeque
2291 1593 2492 1671 cogni-

264 1683 342 1743 tis
380 1687 555 1762 atque
599 1680 674 1742 ab
706 1679 1001 1761 opinionis
1042 1679 1289 1740 arbitrio
1325 1681 1605 1741 seiunctis
1636 1681 1998 1761 scientiaque
2027 1677 2490 1760 comprehensiS,

266 1786 385 1829 non
438 1766 585 1828 mihi
633 1765 865 1827 videtur
916 1783 1013 1825 ars
1063 1765 1317 1827 oratoris
1361 1784 1491 1826 esse
1530 1764 1669 1827 ulla.
1759 1765 1910 1826 Sunt
1951 1766 2111 1825 enim
2142 1764 2299 1825 varia
2331 1770 2390 1824 et
2418 1762 2494 1823 ad

265 1852 565 1932 vulgarem
608 1849 1075 1932 popularemque
1104 1868 1341 1911 sensum
1374 1851 1814 1912 accommodata
1843 1851 2041 1911 omnia
2070 1867 2287 1929 genera
2318 1848 2494 1909 huius

267 1938 520 2000 forensis
570 1944 809 1998 nostrae
839 1936 1131 1996 dictionis.
1205 1935 1311 1997 Sin
1340 1943 1539 1998 autem
1569 1954 1638 1997 ea
1660 1984 1676 2007 ,

266 2042 379 2084 usu
430 2041 499 2084 ac
538 2023 889 2083 tractatione
935 2020 1205 2093 dicendi,
1258 2021 1407 2083 haec
1449 2021 1525 2083 ab
1567 2021 1906 2083 hominibus
1936 2019 2162 2083 callidis
2190 2039 2259 2081 ac
2288 2019 2495 2100 peritis

267 2107 672 2170 animadversa
702 2125 770 2167 ac
800 2114 1028 2179 notata,
1061 2106 1258 2168 verbis
1288 2107 1621 2186 designata,
1655 2106 1975 2187 generibus
2001 2105 2324 2177 illustrata,
2355 2123 2494 2185 par-

266 2194 425 2256 tibus
476 2192 788 2255 distributa
839 2199 977 2254 sunt
1019 2192 1098 2272 (id
1128 2193 1287 2273 quod
1314 2193 1485 2253 video
1514 2193 1774 2274 potuisse
1800 2193 1951 2272 fieri)
1975 2239 1992 2263 ‚
2046 2210 2166 2252 non
2194 2189 2493 2269 intellege,

269 2279 655 2362 quamobrem
706 2296 828 2339 non
851 2326 865 2350 ,
920 2280 969 2340 si
1010 2279 1207 2340 minus
1234 2277 1335 2339 illa
1365 2277 1567 2339 subtili
1597 2278 1970 2350 definitione,
2024 2284 2084 2337 at
2111 2277 2223 2337 hac
2266 2274 2495 2355 vulgari

269 2368 547 2446 opinione
599 2383 695 2426 ars
748 2383 876 2426 esse
928 2364 1209 2425 videatur.
1294 2364 1411 2426 Sed
1452 2367 1572 2425 sive
1616 2372 1706 2426 est
1747 2383 1845 2425 ars
1882 2365 2002 2425 sive
2033 2364 2176 2424 artis
2204 2361 2495 2442 quaedam

270 2451 607 2520 similitudo,
653 2468 774 2510 non
821 2456 909 2510 est
952 2468 1020 2510 ea
1043 2449 1304 2529 quidem
1348 2448 1747 2529 neglegenda3
1792 2467 1999 2510 verum
2028 2445 2495 2526 intellegendum

271 2544 359 2597 est
387 2536 501 2597 alia
530 2535 821 2616 quaedam
848 2533 924 2596 ad
953 2534 1433 2615 consequendam
1463 2534 1862 2616 eloquentiam
1892 2551 2021 2596 esse
2050 2534 2298 2596 maiora.

272 2704 355 2756 Sc.
392 2713 495 2755 erst
525 2705 617 2756 das
643 2704 775 2755 noch
799 2705 905 2764 ein,
939 2718 1045 2753 was
1080 2702 1162 2753 fur
1187 2702 1333 2755 Gras-

272 2790 361 2824 sus
382 2774 474 2824 das
491 2772 861 2823 wesentlichste
873 2772 1024 2822 Motiv
1039 2772 1149 2823 sein
1169 2770 1333 2833 sollte,

273 2843 493 2907 vergisst
508 2842 628 2892 aber
645 2842 777 2891 daun
797 2841 866 2890 im
878 2840 1017 2890 Eirer
1035 2841 1125 2890 das
1144 2840 1336 2902 aliquid

271 2911 448 2960 audire
472 2910 683 2975 cupiunt
705 2910 813 2960 und
837 2918 968 2960 setzt
991 2908 1139 2958 daffir
1156 2908 1225 2958 im
1246 2923 1337 2958 en-

272 2993 370 3043 gen
403 2977 689 3029 Anschluss
722 2993 785 3027 an
822 2978 914 3027 das
946 2976 1333 3027 nfichstvorher-

271 3046 502 3111 gehende
528 3047 671 3096 cuius
689 3062 741 3096 u.
757 3045 848 3095 mit
860 3046 1162 3097 besonderm
1174 3044 1337 3095 Nach-

272 3115 432 3164 druck
465 3114 541 3164 als
578 3115 660 3164 die
696 3114 869 3180 Spitze
906 3127 1003 3163 von
1052 3113 1202 3163 aliem
1242 3113 1334 3163 das

273 3183 390 3232 dem
401 3181 560 3233 Sinne
572 3182 703 3232 nach
713 3180 1203 3248 gleichbedeutende
1227 3183 1336 3232 eius

271 3251 573 3300 sententiam
614 3250 950 3300 sciscitantur.
1022 3248 1239 3300 Scfivola
1270 3249 1336 3299 ist

271 3318 390 3368 kein
416 3319 723 3370 besonderer
747 3317 928 3368 Stilist.
976 3314 1009 3383 8
1032 3317 1149 3371 214.

338 3388 392 3436 in
416 3387 595 3438 libellis
604 3424 621 3447 ,
655 3387 752 3436 wie
777 3386 859 3436 die
883 3384 1215 3450 Rhetoriker,
1253 3385 1337 3435 die

274 3469 370 3504 nur
406 3456 475 3504 ‘in
502 3456 593 3505 der
614 3452 942 3504 Biicherwelt’
974 3453 1110 3504 ihrer
1133 3453 1335 3503 1108118-

273 3538 371 3572 11811
399 3522 746 3589 Compendien
770 3521 880 3573 sich
903 3521 1161 3587 bewegen.

342 3600 432 3641 106.
468 3593 636 3652 deum,
671 3590 744 3641 818
769 3590 1017 3655 lnbegriff
1045 3589 1169 3639 aller
1189 3588 1337 3639 Voll-

275 3659 638 3724 kommenheit,
651 3660 758 3723 ‘qui
776 3660 842 3710 sit
852 3667 1228 3710 consummatus
1239 3672 1338 3707 un-

274 3727 426 3789 dique
452 3735 523 3790 et,
559 3737 617 3778 ut
640 3728 840 3788 dicunt,
875 3727 1105 3778 mortalis
1131 3725 1338 3790 quidam

275 3796 417 3846 deus’
446 3796 643 3862 (Quint.
670 3798 692 3846 1
717 3793 809 3859 10,
835 3794 906 3862 5),
942 3795 1095 3855 1142,
1122 3803 1215 3844 179.
1242 3802 1335 3844 180.

275 3864 344 3914 111
357 3863 437 3927 14,
451 3873 518 3915 53.
554 3864 720 3914 Daher
731 3865 872 3915 Plato
899 3864 1025 3914 deus
1046 3863 1134 3912 1118
1147 3869 1337 3924 noster,

276 3933 424 3994 quasi
458 3932 666 3996 quidam
711 3932 841 3983 deus
888 3930 1335 3999 philosophorum3

274 4000 385 4051 ‘das
410 4000 622 4051 hochste
648 4000 821 4055 Ideal'.

341 4084 451 4119 eam
485 4070 896 4135 disputationem,
934 4067 1180 4120 zunfichst
1211 4068 1337 4119 iiber

276 4136 359 4186 die
382 4151 483 4188 von
494 4136 751 4203 Sulpicius
771 4136 1145 4203 aufgeworfene
1155 4137 1335 4202 Frage.

343 4213 434 4256 107.
454 4207 685 4271 primum,
698 4206 815 4256 dem
831 4206 1051 4272 primum
1069 4202 1212 4271 8102
1232 4214 1339 4255 ent-

275 4272 577 4340 sprechend.

380 4364 484 4408 mc.
513 4364 589 4405 DE
616 4362 787 4408 ORAT.
828 4366 868 4407 2.
899 4362 1001 4405 Aufl

1505 2706 1884 2768 auctoritatem,
1913 2703 2049 2754 ‘dein
2073 2698 2390 2764 Gutachten’,
2417 2701 2497 2751 in—

1438 2774 1612 2825 8018111
1644 2772 1754 2823 sich
1778 2771 2023 2823 Scaevola
2048 2772 2176 2822 eben
2200 2768 2350 2820 dahiu
2376 2784 2498 2820 aus-

1436 2840 1751 2909 gesprochen
1777 2840 1940 2903 hatte,
1976 2840 2097 2891 dass
2122 2838 2336 2890 Crassus
2360 2836 2499 2888 nicht

1437 2908 1757 2962 ausweichen
1791 2908 1993 2960 diirfe.
2072 2908 2227 2958 Darin
2268 2907 2384 2972 lige
2417 2904 2499 2955 fiir

1434 2978 1524 3030 ihu
1550 2979 1663 3029 81118
1678 2974 2392 3043 moralischeVerpflichtuug,
2414 2974 2499 3024 die

1437 3048 1651 3106 stiirker,
1678 3045 1754 3096 als
1780 3047 1924 3096 scine
1949 3045 2130 3111 eigene
2146 3044 2384 3110 Neigung
2401 3042 2494 3093 sei.

1436 3118 1492 3166 in
1513 3115 1657 3167 verbi
1678 3116 2055 3178 controversia,
2083 3110 2116 3179 8
2138 3112 2224 3163 47.

1507 3209 1599 3254 108.
1629 3201 1806 3265 paullo
1829 3206 1973 3259 ante,
1999 3195 2032 3264 8
2054 3196 2140 3249 92.

1506 3294 1597 3336 109.
1611 3284 1895 3341 observata.
1907 3282 2005 3333 alle
2014 3283 2098 3333 die
2107 3279 2498 3347 mannigfachen

1438 3353 1652 3406 Gesetze
1664 3390 1678 3417 ,
1706 3352 1788 3402 die
1821 3353 2117 3403 unbewusst
2139 3367 2190 3401 u.
2218 3348 2362 3399 mehr
2395 3350 2458 3398 111
2474 3376 2494 3385 -

1438 3438 1464 3472 8
1477 3422 1566 3471 tin
1579 3422 1612 3471 k
1626 3432 1646 3471 t
1658 3435 1709 3471 m
1723 3422 1789 3471 fis
1802 3421 1902 3486 sig
1926 3419 2010 3470 bei
2033 3419 2123 3469 der
2139 3416 2499 3468 reduerischen

1437 3490 1618 3540 Praxis
1642 3487 1923 3539 factisch
1946 3485 2339 3539 beobachtet
2361 3484 2498 3536 sind.

1506 3575 1885 3633 animadversa,
1919 3572 2012 3622 mit
2042 3570 2385 3621 Bewusstsein
2415 3570 2500 3619 ins

1438 3643 1589 3708 Auge
1610 3641 1824 3708 gefasst.
1880 3647 2083 3699 notata,
2109 3639 2270 3690 durch
2294 3637 2500 3690 schrift—

1437 3709 1570 3761 liche
1593 3708 1984 3774 Aufzeichnung
2006 3708 2189 3758 fixiert.
2225 3707 2501 3758 verbis-de-

1436 3780 1665 3845 siqnata,
1691 3776 1971 3843 begrifflich
1996 3776 2272 3829 bestimmt.
2302 3775 2502 3841 generi-

1438 3847 1532 3898 bus
1564 3849 1847 3907 illustrata,
1891 3844 2051 3897 durch
2084 3842 2495 3895 Zusammeni'as-

1438 3931 1591 4033 ⁹¹¹⁸}
1617 3925 1764 4034 'iim‘
1798 3911 2498 4033 31¹}50m‘2‘223522322’12355fl

1435 3998 1519 4034 ms
1579 4000 1626 4033 ιο
1741 3998 1796 4033 es
1820 3997 1848 4031 e
2449 3996 2498 4040 a,

1438 4052 1570 4101 nach
1588 4052 1688 4102 den
1704 3997 2502 4114 {inzelneffiterabtheilungen

1436 4120 1734 4187 gegliedert.
1782 4120 1830 4169 11
1852 4117 1912 4183 8,
1937 4125 2005 4170 32.

1506 4188 1658 4249 haec,
1685 4188 1823 4239 diess
1847 4189 1956 4238 und
1978 4185 2151 4237 weiter
2172 4183 2357 4236 nichts.

1507 4274 1639 4323 artis
1660 4274 1951 4332 similitudo,
1979 4269 2080 4322 118
2113 4308 2127 4336 ,
2153 4280 2231 4332 32;
2255 4269 2348 4332 87,
2374 4278 2468 4321 ³56.

2059 4363 2096 4424 7

1730 1954 1881 2018 quae
1911 1934 2215 1997 observata
2248 1942 2386 1996 sunt
2431 1933 2495 1993 in
2531 1945 2631 1999 109
