2930 4693
17 564 45 1115 :an—33⁴5-

844 206 944 270 DE
989 205 1344 269 ORATORE
1385 206 1467 269 111
1517 206 1614 269 16.
1657 212 1900 268 tio-61.
2361 209 2488 274 245

255 374 654 446 contuleruut,
698 374 799 437 alii
827 377 1025 446 etiam,
1067 382 1133 437 ut
1173 374 1484 446 dialectici,
1537 393 1757 437 novum
1797 375 1913 437 sibi
1950 378 2067 456 ipsi
2105 378 2366 440 studium
2396 378 2487 439 lu·

255 462 516 540 dumque
542 468 912 541 pepererunt
950 467 1128 541 atque
1154 462 1219 521 in
1259 462 1347 522 eis
1386 459 1641 531 artibus,
1697 478 1849 541 quae
1887 469 2164 540 repertae
2204 469 2369 533 sunt,
2422 469 2492 524 ut

254 563 579 627 puerorum
601 551 834 606 mentes
855 544 930 606 ad
953 544 1379 606 humanitatem
1401 545 1775 623 fingerentur
1795 552 1972 626 atque
1990 547 2285 617 virtutem,
2310 564 2489 608 omne

254 639 492 708 tempus
519 641 697 710 atque
726 636 949 691 aetates
977 648 1114 691 suas
1143 636 1659 708 consumpserunt.
1704 629 1821 690 Sed
1847 630 2009 709 quod
2042 638 2213 691 erant
2240 629 2480 710 quidam
2495 623 2659 698 1659

255 715 430 794 eique
459 713 648 784 multi,
693 716 799 793 qui
845 720 949 774 aut
988 716 1051 774 in
1090 732 1159 774 re
1197 713 1437 792 publica
1477 719 1727 792 propter
1766 716 2120 793 ancipitem,
2173 733 2326 794 quae
2365 730 2489 775 non

254 805 454 879 potest
493 815 625 859 esse
665 800 948 869 seiuncta,
991 797 1248 858 faciendi
1292 798 1648 877 dicendique
1686 799 2040 877 sapientiam
2078 798 2382 870 florerent,
2423 806 2491 860 ut

253 881 703 953 Themistocles,
744 889 813 943 ut
838 881 1122 953 Pericles,
1165 890 1233 943 ut
1271 883 1696 954 Theramenes,
1749 889 1851 943 aut
1888 884 1992 963 qui
2029 885 2228 957 minus
2269 885 2386 963 ipsi
2422 884 2489 943 in

254 984 324 1027 re
351 965 591 1046 publica
617 973 1018 1036 versarentur,
1062 966 1168 1027 sed
1196 967 1373 1028 huius
1400 973 1604 1027 tamen
1634 966 1898 1027 eiusdem
1927 969 2253 1046 sapientiae
2283 967 2489 1028 docto-

253 1069 356 1112 res
383 1059 600 1121 essent,
629 1059 699 1113 ut
728 1052 994 1129 Gorgias,
1027 1051 1521 1130 Thrasymachus,
1549 1050 1869 1112 Isocrates:
1912 1053 2139 1112 inventi
2164 1058 2320 1122 sunt,
2363 1053 2486 1131 qui,

252 1153 392 1197 cum
435 1137 551 1216 ipsi
590 1136 861 1197 doctrina
914 1144 976 1196 et
1013 1137 1271 1214 ingeniis
1319 1133 1713 1206 abundarent,
1766 1154 1801 1196 a
1840 1153 1909 1196 re
1949 1144 2148 1197 autem
2178 1134 2335 1196 civili
2364 1143 2425 1197 et
2453 1153 2490 1196 a

254 1221 511 1298 negotiis
549 1222 733 1281 animi
772 1219 1028 1299 quodam
1067 1219 1286 1280 iudicio
1328 1218 1742 1289 abhorrerent,
1786 1219 1942 1281 hanc
1983 1219 2220 1282 dicendi
2259 1222 2488 1282 exerci-

253 1305 538 1365 tationem
569 1307 938 1383 exagitarent
965 1311 1142 1384 atque
1164 1310 1637 1365 contemnerent.
1685 1304 1949 1376 Quorum
1973 1306 2253 1385 princeps
2275 1305 2490 1365 Socra·

253 1389 347 1449 ‘tes
374 1388 504 1449 fuit.
588 1389 663 1459 Is,
708 1390 810 1469 qui
838 1390 1103 1450 omnium
1137 1388 1508 1449 eruditorum
1547 1389 1889 1449 testimonio
1927 1390 2228 1468 totiusque
2266 1388 2488 1449 iudicio

254 1473 540 1534 Graeciae
570 1491 704 1534 eum
736 1473 1052 1552 prudentia
1082 1479 1143 1533 et
1168 1474 1441 1533 acumine
1482 1479 1543 1532 et
1569 1479 1877 1533 venustate
1908 1479 1969 1533 et
1996 1471 2319 1533 subtilitate
2359 1481 2489 1534 tum

252 1574 397 1618 vero
427 1556 782 1637 eloquentia,
814 1559 1114 1628 varietate,
1162 1558 1349 1636 copia,
1386 1573 1565 1635 quam
1606 1573 1670 1617 se
1712 1574 1967 1635 cumque
2005 1558 2071 1616 in
2110 1563 2343 1635 partem
2386 1555 2489 1617 de-

255 1641 453 1714 disset,
498 1643 765 1703 omnium
807 1642 920 1703 fuit
945 1640 1120 1703 facile
1147 1642 1448 1720 princeps,
1493 1640 1596 1710 eis,
1639 1641 1743 1720 qui
1771 1641 1937 1709 haec,
1981 1658 2134 1719 quae
2177 1658 2335 1702 nunc
2377 1657 2489 1701 nos

252 1727 613 1806 quaerimus,
646 1732 988 1795 tractarent,
1020 1731 1286 1804 agerent,
1328 1724 1631 1796 docerent,
1675 1742 1811 1785 cum
1844 1726 2087 1785 nomine
2116 1722 2489 1804 appellaren-
2575 1726 2580 1730 ’

250 1819 353 1870 tur
378 1827 520 1881 uno,
551 1811 711 1890 quod
741 1811 936 1871 omnis
963 1826 1169 1871 rerum
1198 1810 1557 1888 optimarum
1599 1809 1857 1887 cognitio
1886 1816 2064 1889 atque
2105 1810 2167 1869 in
2201 1810 2287 1869 eis
2317 1825 2487 1869 exer·-

248 1895 456 1955 citatio
482 1893 862 1974 philosophia
889 1895 1320 1964 nominaretur,
1362 1892 1479 1953 hoc
1519 1908 1836 1953 commune
1876 1910 2097 1954 nomen
2137 1893 2358 1972 eripuit
2395 1911 2489 1953 sa·

246 1980 606 2059 pienterque
657 1978 955 2039 sentiendi
995 1985 1055 2038 et
1103 1984 1312 2039 ornate
1363 1975 1602 2037 dicendi
1640 1978 1948 2038 scientiam
1987 1995 2058 2037 re
2100 1978 2490 2038 cohaerentes

249 2061 754 2140 disputationibus
782 2063 904 2123 suis
932 2063 1255 2141 separavit;
1299 2062 1468 2122 cuius
1492 2062 1800 2139 ingenium
1842 2063 2151 2141 variosque
2180 2078 2491 2122 sermones

247 2145 687 2208 immortalitati
712 2148 953 2225 scriptis
979 2147 1103 2206 suis
1123 2145 1291 2207 Plato
1310 2144 1575 2216 tradidit,
1607 2163 1742 2207 cum
1771 2147 1904 2224 ipse
1930 2145 2188 2207 litteram
2211 2146 2489 2206 Socrates

249 2229 477 2293 nullam
505 2229 862 2310 reliquisset.
907 2231 1062 2293 Hinc
1091 2230 1402 2292 discidium
1430 2228 1579 2290 illud
1609 2231 1832 2291 exstitit
1860 2232 2028 2310 quasi
2047 2228 2286 2307 linguae
2308 2235 2486 2308 atque
2527 2237 2594 2290 61

249 2315 471 2388 cordiS‚
514 2315 839 2377 absurdum
879 2333 1023 2377 sane
1063 2321 1122 2377 et
1161 2314 1370 2376 inutile
1411 2320 1472 2376 et
1509 2313 2088 2393 reprehendendum,
2132 2320 2199 2374 ut
2238 2311 2338 2375 alii
2377 2330 2489 2375 nos

249 2418 484 2481 sapere,
516 2399 618 2461 alii
647 2400 847 2462 dicere
878 2401 1182 2462 docerent.
1270 2400 1421 2461 Nam
1463 2417 1602 2459 cum
1643 2406 1845 2460 essent
1884 2398 2086 2478 plures
2127 2399 2245 2458 orti
2283 2397 2412 2458 fere
2454 2415 2490 2458 a

249 2486 519 2556 Socrate,
550 2485 710 2565 quod
739 2504 811 2548 ex
841 2484 998 2545 illius
1026 2486 1206 2547 variis
1235 2490 1294 2545 et
1322 2483 1572 2544 diversis
1601 2490 1661 2544 et
1688 2485 1753 2544 in
1783 2501 2023 2544 omnem
2053 2490 2286 2562 partem
2317 2481 2490 2542 diffu-

1421 2649 1911 2700 nachsokratischen
1928 2647 2490 2716 Philosopbenschuleu

321 2654 593 2716 dialectici,
621 2654 666 2703 Π
689 2651 776 2714 38,
803 2661 895 2702 157.
941 2653 1016 2703 ad
1034 2652 1320 2701 humanita-

1420 2717 1634 2783 gefolgt.

248 2729 375 2782 tent,
424 2720 584 2771 durch
626 2721 710 2771 die
742 2720 912 2769 Denk·
961 2720 1069 2769 und
1102 2717 1321 2782 Sprech-

247 2792 491 2854 iibungeu
516 2787 629 2854 (die
646 2802 729 2838 ars
748 2784 1080 2850 disserendi).
1116 2788 1190 2837 ad
1208 2789 1319 2837 vir-

248 2863 423 2914 tutem,
449 2855 612 2906 durch
636 2856 720 2905 die
744 2870 830 2905 ars
856 2868 977 2904 vera
1000 2869 1059 2904 ac
1083 2854 1213 2905 falsa
1237 2854 1318 2903 di-

245 2925 530 2974 iudicandi.

325 2990 413 3054 16,
436 3000 503 3041 59.
550 2990 661 3042 Sed

248 3058 442 3110 Schritt
459 3085 525 3095 —
544 3057 792 3110 nachdem
817 3058 1000 3108 einmal
1026 3059 1111 3108 die
1135 3058 1319 3108 beiden

248 3126 429 3177 Seiten
454 3126 545 3176 der
567 3126 841 3191 sapientia,
873 3127 922 3175 in
950 3126 1106 3190 Folge
1129 3125 1317 3176 indivi-

247 3195 449 3245 duellet
470 3193 707 3259 Neiguug
729 3194 811 3243 fur
833 3194 916 3243 die
938 3194 1052 3243 eine
1077 3194 1201 3243 oder
1222 3207 1320 3242 au-

246 3263 376 3314 dere
386 3260 542 3322 Seite,
560 3260 1126 3324 auseiuandergetreten
1137 3285 1207 3295 —-
1216 3274 1321 3310 war

246 3330 372 3380 deta
420 3327 567 3387 dass,
603 3326 845 3376 wahrend
879 3327 962 3376 die
988 3328 1136 3377 einen
1161 3328 1237 3377 sei
1263 3341 1318 3376 es

242 3393 515 3515 {ragusan
525 3392 662 3511 l{ider
684 3392 1096 3510 theogetiiscgsdile
1120 3393 1323 3443 Eiuheit

289 3478 336 3512 ei
375 3477 427 3511 er
497 3477 524 3511 e
562 3476 609 3510 le
634 3476 661 3509 e
695 3475 790 3510 noc
888 3476 943 3510 es
1004 3476 1050 3509 ie
1092 3476 1181 3520 en,
1206 3465 1317 3511 fan—

250 3533 379 3582 dere
399 3528 673 3593 hingegen,
700 3528 783 3578 die
808 3527 917 3578 sich
934 3527 1320 3593 grundsiitzlich

250 3613 373 3649 vom
407 3596 730 3648 Staatsleben
774 3595 890 3645 feru
936 3595 1154 3653 hielten,
1205 3610 1319 3645 vom

250 3665 586 3732 Standpunkt
627 3664 717 3714 der
765 3664 1050 3714 abstracten
1084 3662 1323 3713 Wissen-

252 3733 422 3785 schaft
445 3732 529 3782 die
546 3731 837 3798 praktische
856 3729 1167 3781 oratorische
1184 3729 1318 3780 'rha-

252 3801 436 3867 tigkeit
449 3799 707 3864 gerudezu
723 3799 1002 3849 verwarfen
1020 3813 1073 3848 u.
1092 3796 1320 3848 dadurch

253 3869 340 3919 die
363 3867 503 3918 Kluft
527 3866 781 3917 zwischen
806 3866 1189 3917 Beredsamkeit
1210 3865 1320 3915 und

253 3933 586 4002 Philosophie
610 3932 934 3999 befestigten.
970 3933 1070 3984 Der
1093 3932 1321 3985 Urheber

256 4003 430 4054 dieser
450 4001 748 4067 Scheidnng
778 4003 848 4052 ist
880 4002 1123 4052 Sokrates
1158 4000 1319 4051 durch

256 4070 400 4121 scine
524 4070 709 4121 ositiou
731 4083 899 4135 gagen
922 4070 1006 4119 die
1028 4068 1320 4120 rhetorisie-

255 4138 450 4188 renden
513 4136 755 4204 ophisten
781 4136 951 4188 seiner
982 4137 1091 4187 Zeit
1123 4150 1321 4202 gewor-

256 4205 385 4267 dem
411 4221 465 4257 u.
486 4204 594 4255 ihm
612 4205 689 4258 als
706 4205 867 4256 ihrem
877 4205 1076 4271 Haupte
1097 4205 1217 4256 sind
1239 4204 1324 4255 die

681 2992 820 3056 quod
841 2998 937 3040 etc.
984 2990 1087 3039 Der
1109 2986 1320 3039 nfichste

1491 2786 1632 2851 quod
1661 2811 1726 2821 —
1761 2784 1902 2835 diess
1935 2784 2036 2834 rief
2067 2783 2196 2837 nach
2231 2785 2373 2833 einer
2397 2785 2491 2834 Art

1421 2853 1628 2902 innerer
1648 2852 2054 2918 Notwendigkeit
2078 2854 2177 2903 den
2203 2851 2491 2917 Gegensatz

1419 2920 1634 2970 hervorz
1658 2920 1855 2970 inventi
1876 2929 1998 2970 sunt
2022 2930 2117 2973 etc.

1491 3007 1648 3056 animi
1666 3005 1883 3071 quodam
1905 3007 2118 3065 iudicio,
2154 3019 2213 3056 so
2241 3020 2307 3055 zu
2331 3018 2487 3071 sageu

1418 3072 1823 3140 grundsiitzlicli,
1849 3068 1883 3139 S
1911 3072 2026 3123 110.

1489 3166 1558 3208 60.
1604 3157 1823 3220 Quorum
1856 3167 1952 3208 etc.
2014 3156 2082 3208 So
2124 3157 2190 3207 ist
2232 3174 2298 3207 zu
2330 3157 2487 3207 inter—

1419 3223 2492 3358 {31:¹33²<5?÷„{{2.i{.¹¹535²¹:13322231¹35

1423 3359 1586 3410 durch
1644 3360 1736 3408 das
1796 3329 2187 3408 nachdriiclxlicli
2236 3373 2487 3423 vorange·

1424 3427 1592 3477 stellte
1642 3428 1689 3477 Is
1724 3426 1809 3476 die
1854 3425 2259 3477 Personlichkeit
2304 3427 2397 3476 des
2431 3425 2486 3475 S.

1424 3494 1557 3545 noch
1605 3494 1885 3545 besonders
1933 3492 2349 3560 hervorgehoben
2383 3493 2493 3543 und

1424 3562 1616 3613 mittels
1643 3562 1735 3612 des
1764 3560 2137 3611 Relativsatzes
2176 3560 2270 3612 aui*
2301 3562 2490 3612 dessen

1423 3628 1559 3680 hohe
1574 3630 1793 3695 geistige
1811 3645 1863 3679 u.
1883 3628 2200 3694 sprachliche
2211 3629 2493 3695 Begabuug

1423 3696 1770 3747 aufmerksam
1795 3695 2055 3761 gemacht3
2081 3698 2240 3748 damit
2262 3697 2330 3747 ist
2353 3698 2492 3747 deun

1425 3762 1660 3830 zugleich
1685 3765 1766 3815 ein
1791 3763 2272 3830 Erkliiruugsgrund
2294 3763 2374 3815 fur
2398 3764 2491 3813 das

1425 3831 1681 3882 erwfihnte
1725 3830 2004 3883 Bestreben
2051 3829 2170 3898 (des
2220 3829 2492 3897 Sokrates)

1374 3922 1378 3928 ·
1420 3899 1528 3949 und
1552 3898 1739 3949 dessen
1764 3897 2014 3965 Gelingen
2037 3901 2287 3966 gegeben.

1491 3973 1753 4017 venustate
1777 3967 1978 4017 bezieht
2002 3968 2112 4018 sich
2129 3967 2223 4019 auf
2235 3968 2318 4018 die
2332 3966 2489 4030 feius,

1421 4033 1818 4084 humoristische
1840 4033 1993 4085 Form
2025 4036 2194 4086 seiner
2214 4035 2490 4087 Dialektik.

1491 4119 1622 4170 haec
1644 4144 1711 4155 —
1735 4120 1820 4169 die
1842 4118 2109 4170 Rhetorik.

1494 4211 1562 4257 01.
1600 4205 1720 4268 orti,
1745 4219 1790 4255 s.
1813 4204 1923 4256 ind.
1948 4204 2094 4256 acad.
