2930 4693
605 672 611 678 ’
691 729 806 810 Μ.
856 728 1280 812 TULLII
1335 668 1995 812 CICERONIS

1294 894 1392 942 DE

991 1034 1699 1133 ORATORE

742 1223 1149 1298 usna
1241 1222 1937 1298 sscunnus.

395 1565 607 1644 Magna
637 1563 808 1626 nobis
835 1565 1071 1645 pueriS,
1113 1565 1335 1639 Quinte,
1359 1564 1574 1636 frater,
1616 1565 1667 1626 si
1695 1565 1984 1628 memoria
2015 1572 2213 1637 teneS,
2260 1566 2460 1646 opinio
2492 1559 2531 1633 1
2561 1570 2589 1624 1

223 1650 338 1712 fuit
363 1649 430 1712 L.
463 1650 740 1713 Crassum
771 1667 892 1711 non
914 1649 1051 1730 plus
1080 1651 1340 1729 attigisse
1371 1649 1678 1712 doctrinae
1692 1699 1709 1722 ,
1741 1669 1918 1731 quam
1949 1657 2234 1730 quantum
2261 1652 2457 1730 prima

223 1733 327 1796 illa
373 1734 590 1815 puerili
638 1736 1005 1796 institutione
1066 1736 1390 1815 potuisset;
1448 1735 1526 1797 M.
1580 1741 1777 1797 autem
1831 1736 2155 1797 Antonium
2211 1737 2453 1797 omnino

226 1820 420 1882 omnis
449 1819 800 1881 eruditionis
830 1827 1134 1899 expertem
1166 1827 1340 1900 atque
1368 1822 1645 1899 ignarum
1688 1819 1903 1890 fuisse3
1958 1827 2246 1901 erantque
2285 1820 2458 1882 multi

223 1906 353 1986 qui,
385 1923 741 1985 quamquam
773 1922 895 1966 non
922 1906 1004 1966 ita
1035 1923 1164 1966 sese
1194 1923 1324 1966 rem
1351 1905 1575 1966 habere
1605 1903 2057 1976 arbitrarentur,
2088 1913 2306 1976 tamen,
2338 1923 2455 1986 quo

225 1988 455 2051 facilius
485 2007 594 2049 nos
623 1990 898 2051 incensos
926 1989 1119 2050 studio
1151 1989 1416 2051 discendi
1445 2009 1481 2052 a
1510 1990 1782 2052 doctrina
1824 1991 2227 2062 deterrerent,
2269 1989 2460 2052 liben-

223 2081 319 2134 ter
347 2073 440 2144 id,
483 2072 644 2154 quod
675 2073 820 2145 dixi,
865 2073 939 2134 de
969 2073 1084 2135 illis
1113 2074 1449 2136 oratoribus
1475 2075 1922 2155 praedicarent,
1969 2081 2062 2147 ut,
2107 2077 2158 2136 si
2185 2075 2463 2137 homines

223 2176 348 2220 non
366 2158 581 2220 eruditi
602 2177 895 2220 summam
917 2167 1115 2222 essent
1135 2160 1513 2240 prudentiam
1536 2168 1711 2241 atque
1732 2159 2149 2222 incredibilem
2174 2159 2456 2241 eloquen-

227 2244 367 2305 tiam
399 2245 728 2315 consecuti,
773 2246 967 2306 inanis
1009 2247 1202 2306 omnis
1232 2253 1436 2307 noster
1467 2263 1596 2307 esse
1626 2244 1797 2307 labor
1828 2253 1887 2306 et
1916 2243 2161 2307 stultum
2189 2245 2257 2305 in
2286 2242 2460 2305 nobis

227 2328 567 2391 erudiendis
593 2331 780 2410 patris
811 2331 1017 2402 nostri,
1050 2331 1259 2412 optimi
1280 2350 1349 2392 ac
1370 2330 1817 2411 prudentissimi
1847 2330 1975 2401 viri,
2007 2329 2268 2392 studium
2298 2329 2458 2392 vide-

225 2421 411 2476 retur.
501 2414 662 2486 Quos
688 2422 846 2486 tum,
889 2423 957 2477 ut
995 2418 1196 2496 pueri,
1238 2417 1501 2478 refutare
1545 2416 1885 2478 domesticis
1928 2415 2375 2496 testibuspatre
2405 2422 2465 2477 et
2527 2421 2563 2471 2

228 2500 290 2562 C.
330 2499 629 2561 Aculeone
670 2502 1005 2580 propinquo
1048 2508 1251 2562 nostro
1306 2508 1366 2562 et
1403 2502 1470 2562 L.
1505 2502 1790 2564 Cicerone
1841 2508 2052 2581 patruo
2106 2499 2459 2572 solebamus,

228 2584 387 2665 quod
429 2585 502 2645 de
533 2585 747 2647 Crasso
787 2591 958 2664 pater
999 2593 1059 2645 et
1096 2584 1344 2656 Aculeo,
1404 2601 1660 2664 quocum
1703 2594 1833 2646 erat
1872 2592 2074 2646 nostra
2120 2592 2461 2657 matertera,

226 2688 405 2750 quem
435 2670 680 2732 Crassus
711 2668 915 2730 dilexit
944 2687 1017 2730 ex
1046 2668 1322 2731 omnibus
1360 2670 1683 2750 plurimum
1699 2718 1716 2741 ,
1763 2677 1822 2731 et
1859 2676 2136 2749 patruuS,
2193 2671 2296 2750 qui
2327 2688 2464 2751 cum

226 2755 483 2816 Antonio
512 2755 576 2813 in
608 2752 871 2815 Ciliciam
899 2753 1204 2834 profectus
1233 2773 1354 2816 una
1385 2755 1753 2827 decesserat,
1798 2753 1983 2815 multa
2020 2752 2192 2815 nobis
2233 2754 2307 2815 de
2338 2756 2464 2816 eius

227 2838 423 2900 studio
455 2838 840 2919 doctrinaque
883 2856 1060 2919 saepe
1098 2841 1388 2910 narravit;
1450 2858 1703 2920 cumque
1749 2858 1858 2900 nos
1903 2857 2040 2901 cum
2086 2838 2463 2902 consobrinis

295 3024 655 3075 Proiimium
681 3040 724 3076 c.
756 3024 905 3088 1-7,
929 3034 998 3077 28.
1039 3022 1096 3089 1)
1122 3025 1296 3076 Stel-

230 3093 383 3158 lung
417 3093 530 3143 der
562 3094 797 3144 beiden
832 3095 1298 3159 grossenRed-

231 3177 365 3221 ner,
402 3161 604 3211 denen
633 3161 756 3212 Cic.
784 3162 888 3211 ein
914 3162 1296 3213 bleibendes

227 3228 534 3279 Denkmal
589 3245 664 3279 zu
708 3238 934 3279 setzen
979 3230 1296 3295 gedeum,

232 3296 438 3347 zuden
458 3296 1298 3349 wissenschaftlichenStu·

232 3365 402 3415 dien.
452 3365 574 3414 Fiir
608 3365 728 3414 den
762 3364 1011 3414 wahren
1042 3365 1298 3416 Redner

1400 3025 1650 3077 stehende
1668 3026 1897 3077 doctrina
1916 3027 2064 3093 zeigt,
2086 3025 2224 3078 nicht
2242 3027 2465 3091 dicendi,

1399 3096 1496 3145 wie
1529 3096 1583 3145 in
1620 3095 1825 3161 einigen
1856 3095 1947 3146 Hs.
1982 3094 2342 3147 verschriebcn
2377 3096 2461 3146 ist.

1401 3163 1465 3213 de
1490 3176 1600 3227 rep.
1626 3164 1648 3214 I
1672 3163 1739 3213 22
1772 3172 1829 3213 ut
1849 3178 1933 3213 me
1956 3164 2031 3214 sie
2055 3163 2275 3214 audiatis
2301 3178 2466 3226 neque

1400 3238 1458 3280 ut
1469 3231 1675 3282 omnino
1689 3240 1950 3297 expertem
1960 3229 2265 3281 Graecarum
2275 3245 2465 3289 rernm,

1400 3313 1569 3362 neque
1605 3307 1661 3348 ut
1701 3313 1789 3348 eas
1824 3299 2014 3348 nostris
2049 3306 2465 3364 anteponentem‚

1400 3366 1496 3417 sed
1519 3374 1575 3416 ut
1597 3381 1756 3417 unum
1782 3382 1811 3416 e
1833 3367 2038 3430 togatis,
2065 3366 2227 3431 patris
2247 3365 2467 3430 diligen·

1392 3435 1465 3483 tia
1489 3448 1590 3484 non
1614 3433 1926 3484 illiberaliter
1943 3434 2249 3491 institutum,
2272 3433 2468 3484 studio-

231 3433 377 3483 sind
411 3432 589 3483 diese
620 3431 1147 3491 unentbehrlich;
1186 3434 1292 3483 die

229 3499 678 3565 gewiihnliche
750 3499 1065 3550 Schulth
1087 3502 1292 3551 eorie

231 3567 437 3618 reicht
494 3569 599 3617 bei
647 3569 897 3619 weitem
951 3567 1129 3618 nicht
1178 3584 1291 3620 aus

231 3651 276 3687 c.
304 3635 351 3699 1,
377 3634 520 3699 1—-3,
545 3645 612 3687 12.

298 3702 347 3768 1,
375 3713 417 3757 1.
453 3704 852 3764 arbitrarentur,
879 3705 971 3755 der
994 3704 1128 3755 coni.
1155 3703 1306 3755 nicht

232 3773 1018 3906 {ffissitffzffiuntziissfflff
1007 3841 1060 3890 ui
1042 3772 1296 3908 Ϊῖἳίἱῗ

234 3909 460 3958 dicarent
491 3908 722 3973 bedingt.
767 3911 789 3958 1
813 3907 872 3972 6,
908 3919 997 3960 21.-
992 3909 1160 3961 ·.Brut
1183 3908 1235 3972 2,
1270 3918 1297 3959 8

231 3977 300 4025 ita
342 3976 598 4027 nobismet
630 3977 757 4043 ipsis
782 3977 993 4042 accidit,
1027 3985 1085 4027 ut
1116 3992 1292 4042 quam·

233 4059 384 4108 quam
403 4052 576 4095 essent
592 4045 750 4095 multo
762 4046 927 4109 magis
939 4045 1040 4094 alia
1056 4044 1294 4111 lugenda,

233 4121 399 4162 tamen
419 4111 516 4163 hoe
540 4112 832 4163 doleremus
857 4111 989 4162 Phil.
1012 4114 1084 4163 VI
1111 4114 1160 4176 1,
1184 4123 1226 4164 3.

297 4181 546 4240 discendi,
567 4180 594 4230 1
618 4180 700 4241 17,
720 4178 788 4231 79
801 4194 903 4230 von
913 4180 1298 4232 wissenschaft-

232 4246 417 4299 lichem
455 4248 621 4311 Eifer,
668 4249 766 4300 wie
805 4247 964 4299 schon
1008 4249 1102 4302 das
1149 4250 1299 4302 dabei

1395 3518 1492 3569 que
1512 3503 1746 3553 discendi
1765 3518 1800 3551 a
1819 3503 2049 3567 pueritia
2071 3502 2340 3560 incensum,
2367 3515 2466 3552 usu

1394 3579 1567 3619 tamen
1594 3578 1643 3621 et
1667 3570 1961 3620 domesticis
1992 3569 2280 3636 praeceptis
2303 3568 2463 3620 multo

1393 3639 1561 3702 magis
1589 3638 1869 3700 eruditum,
1899 3651 2054 3699 quam
2079 3637 2277 3688 litteris.

1462 3715 1507 3755 2.
1541 3713 1599 3756 ut
1624 3707 1807 3771 pueri,
1844 3704 1975 3754 nach
2014 3704 2130 3755 dem
2164 3705 2335 3756 Masse
2372 3705 2464 3755 des

1395 3773 1780 3833 Knabenalters,
1800 3773 2076 3824 soweitwir
2096 3773 2234 3824 diess
2246 3788 2346 3823 von
2363 3788 2462 3823 un·

1397 3856 1534 3892 serm
1546 3841 1872 3908 Standpunkt
1895 3857 1947 3891 u.
1969 3839 2099 3891 nach
2119 3856 2322 3891 unserm
2332 3841 2461 3891 Ver—

1397 3914 1587 3991 miigen
1610 3920 1758 3960 unter
1781 3908 2045 3974 Berufung
2076 3908 2171 3959 auf
2189 3908 2273 3959 die
2296 3909 2461 3958 Auto-

1397 3979 1524 4030 ritat
1540 3978 1630 4028 der
1653 3977 1995 4028 Verwandten
2030 3978 2274 4030 konnten.
2320 3973 2353 4043 S
2374 3974 2462 4029 66.

1399 4044 1838 4108 eius,nat1‘irlich
1872 4045 2097 4094 Antonii.
2157 4045 2461 4107 domesticis,

1399 4181 1542 4231 bloss
1573 4180 1658 4230 fur
1668 4180 1923 4231 Antonius
1940 4083 2464 4232 wissenschafftlilcbcg}

1399 4248 1568 4316 Eifer,
1604 4249 1827 4304 sondern
1859 4247 1990 4301 auch
2012 4247 2095 4304 ffir
2118 4249 2261 4302 seine
2282 4249 2466 4323 positi-

1400 4128 1493 4163 aus
1522 4113 1613 4163 der
1638 4112 1865 4164 Familie.
1918 4114 2087 4165 doctr-1
