2930 4693
383 156 509 223 192
958 149 1059 213 DE
1089 144 1449 212 ORATORE
1485 145 1541 209 11
1585 146 1689 209 66.
1731 149 2038 207 ποῦ-Ἀθ.

384 323 611 403 ορῇπιί,
642 321 831 382 nostri
858 316 1181 389 familiaris,
1212 324 1384 398 pater
1412 317 1433 349 ‘
1450 323 1688 377 nostros
1714 316 1990 378 homines
2015 315 2243 378 §miles
2271 333 2406 378 esse
2426 318 2614 396 Syro-

387 427 519 469 rum
551 406 877 473 venalium;
908 412 975 465 ut
1002 404 1251 483 quisque
1281 403 1508 482 optime
1539 401 1767 463 Graece
1795 402 1993 471 sciret,
2033 403 2115 462 ita
2145 419 2278 462 esse
2320 403 2618 481 nequissi-

255 509 360 560 266
388 495 597 554 mum.'
658 489 837 551 Valde
859 496 1057 550 autem
1079 486 1352 549 ridentur
1374 488 1552 547 etiam
1571 487 1881 565 imagines,
1913 504 2066 566 quae
2088 486 2217 546 fere
2239 488 2302 546 iu
2330 478 2616 547 defaestmi·

387 584 570 639 tatem
620 582 722 636 aut
760 576 826 635 in
864 572 1101 654 aliquod
1154 573 1357 632 vitium
1399 572 1671 650 corporis
1712 570 2011 631 ducuntur
2049 589 2188 632 cum
2227 570 2617 655 similitudine

384 661 697 740 turpioris3
751 667 818 720 ut
865 676 1066 720 meum
1106 656 1253 717 illud
1299 657 1361 716 iu
1405 653 1685 716 Helvium
1725 655 2041 717 Manciam:
2096 656 2256 717 ‘Iam
2305 656 2618 717 ostendam

385 744 716 806 cuiusmodi
758 746 869 803 sis:
887 746 907 774 ⁹
949 760 1086 802 cum
1124 740 1253 801 ille:
1301 743 1320 771 ³
1340 739 1621 810 Ostende,
1664 757 1885 819 quaeso
1898 744 1941 810 ,³
1986 741 2388 801 demonstravi
2427 740 2618 818 digito

385 831 608 910 pictum
642 827 872 890 Gallum
903 828 966 887 in
995 827 1260 887 Mariano
1302 832 1470 885 scuto
1500 823 1830 895 Cimbrico,
1873 823 1984 886 sub
2023 825 2232 894 Novis,
2279 824 2616 895 distortum,

388 915 578 975 eiecta
628 912 859 990 lingua,
902 909 1109 972 buccis
1153 908 1506 978 fluentibus;
1559 910 1715 970 risus
1756 916 1848 970 est
1886 916 2248 978 commotum
2302 909 2452 970 nihil
2493 915 2619 970 tam

385 999 650 1060 Manciae
678 995 872 1057 simile
901 997 1090 1056 visum
1122 1002 1243 1065 esu
1274 1002 1339 1054 ut
1367 1012 1504 1055 cum
1529 993 1664 1054 Tito
1683 994 1942 1063 Pinario,
1971 1001 2240 1054 mentum
2267 996 2333 1054 in
2355 993 2616 1054 diceudo

384 1082 777 1162 intorquenti:
812 1082 831 1110 ³
848 1080 1000 1140 Tum
1035 1087 1101 1140 ut
1130 1079 1374 1148 diceret,
1405 1080 1458 1140 si
1485 1077 1629 1158 quid
1656 1077 1852 1148 vellet,
1881 1080 1936 1139 si
1963 1096 2179 1139 nucem
2207 1078 2528 1157 fregisset?

560 1166 755 1227 Etiam
783 1163 903 1234 illa,
947 1182 1099 1243 quae
1128 1163 1437 1224 minuendi
1465 1169 1568 1224 aut
1595 1163 1851 1242 augendi
1880 1180 2054 1224 causa
2084 1163 2159 1224 ad
2200 1161 2618 1224 incredibilem

391 1249 844 1312 admirationem
875 1249 1233 1309 efferuntur:
1286 1247 1445 1308 velut
1485 1256 1551 1309 tu
1568 1294 1582 1312 ‚
1625 1249 1862 1315 Crasse,
1913 1249 1978 1308 in
2019 1250 2295 1308 contione
2346 1249 2464 1308 ‘ita
2504 1247 2622 1309 sibi

388 1335 582 1414 ipsum
617 1351 897 1412 magnum
932 1333 1120 1394 videri
1138 1333 1500 1402 Memmium,
1530 1338 1598 1393 ut
1623 1333 1689 1392 in
1719 1331 1913 1392 forum
1946 1331 2315 1393 descendens
2343 1338 2521 1412 caput
2542 1332 2622 1392 ad

389 1418 681 1479 fornicem
712 1417 881 1479 Fabii
910 1417 1295 1479 demitteret?
1383 1417 1473 1478 Ex
1501 1435 1620 1496 quo
1661 1434 1885 1494 genere
1915 1419 2092 1478 etiam
2120 1416 2267 1478 illud
2297 1425 2414 1486 est,
2456 1416 2622 1496 quod

391 1503 589 1582 Scipio
619 1503 774 1582 apud
805 1503 1201 1571 Numantiam,
1244 1519 1379 1563 cum
1423 1502 1900 1563 stomacharetur
1939 1520 2073 1562 cum
2118 1502 2182 1562 C.
2223 1500 2481 1570 Metello,
2527 1501 2617 1561 di·
2647 1548 2662 1571 .

389 1589 545 1648 xisse
575 1588 819 1648 dicitur:
867 1592 886 1622 ³
902 1588 965 1648 Si
1008 1588 1279 1667 quintum
1320 1594 1563 1667 pareret
1602 1593 1796 1647 mater
1826 1587 1970 1655 eius,
2017 1588 2250 1647 asinum
2292 1586 2473 1646 fuisse
2514 1604 2620 1665 pa·

390 1674 688 1733 rituram.'

561 1758 782 1834 Arguta
813 1757 990 1816 etiam
1020 1756 1372 1834 significatio
1403 1761 1509 1825 est,
1542 1773 1676 1816 cum
1706 1772 1885 1834 parva
1917 1773 1985 1815 re
2014 1762 2075 1816 et
2102 1773 2279 1834 saepe
2306 1754 2491 1815 verbo
2521 1772 2623 1816 res

394 1839 645 1901 obscura
689 1848 749 1900 et
787 1838 977 1900 latens
1019 1839 1378 1901 illustratur:
1430 1846 1527 1911 ut,
1569 1858 1706 1901 cum
1748 1840 1811 1902 C.
1856 1839 2131 1901 Fabricio
2173 1840 2239 1900 P.
2287 1839 2621 1910 CorneliuS,

390 1925 587 1993 homo,
618 1929 686 1983 ut
715 1923 1176 1994 existimabatur,
1208 1941 1421 1984 avarus
1450 1931 1512 1985 et
1540 1924 1729 1995 furax,
1764 1925 1869 1986 sed
1911 1926 2154 2003 egregie
2195 1924 2369 1985 fortis
2409 1930 2470 1985 et
2511 1922 2622 1984 bo·-

392 2024 504 2069 nus
532 2008 885 2087 imperator,
931 2008 1151 2084 gratias
1192 2014 1425 2085 ageret,
1468 2007 1626 2088 quod
1667 2027 1732 2069 se
1772 2009 1952 2070 homo
1993 2010 2271 2070 inimicus
2314 2007 2625 2070 consulem

258 1181 362 1233 267

259 1769 363 1822 268

457 2269 550 2312 266.
582 2260 701 2324 fere
726 2266 821 2309 ete.
856 2260 951 2310 Die
975 2261 1224 2325 imagines
1248 2260 1450 2310 werden

389 2327 708 2394 gewiibnlich
732 2325 902 2408 ([ere,
939 2329 993 2379 in
1017 2328 1107 2379 der
1128 2325 1309 2394 Regel)
1328 2328 1456 2409 'her-

390 2396 1456 2528 35323222.”3{{AE..¹¹2.3331-¹255.}¹.¹¹¹{·13

391 2532 482 2581 der
492 2529 749 2583 Gesiehts·
763 2533 887 2582 oder
897 2533 1296 2597 Leibesbildung
1314 2533 1455 2583 eines

390 2600 932 2719 an23:13?-airm’lt’tudine
979 2670 1257 2733 turpioris,
1305 2676 1454 2717 uuter

390 2734 1178 2852 Kergleifihendgwffiiuweisung
1233 2734 1327 2785 auf
1368 2735 1453 2785 eiu

426 2817 512 2852 ass
535 2817 579 2849 ie
619 2817 729 2851 eres
796 2817 816 2850 1
874 2840 886 2851 .

457 2900 613 2933 meum
632 2887 761 2935 illud
774 2910 843 2921 —-
860 2884 950 2934 Bei
970 2885 1183 2934 welcher
1201 2884 1449 2949 Gelegen-

389 2950 494 2999 heit
538 2950 698 3000 Casan·
743 2952 885 3000 diese
929 2952 1453 3002 Portruitfihulicbkeit

391 3019 566 3082 seines·
595 3017 822 3082 Gegners
865 3020 958 3068 mit
997 3019 1115 3069 dem
1154 3019 1269 3069 Bild
1312 3020 1452 3069 eines

391 3083 600 3135 selehen
643 3076 931 3135 ‘Barbaren’
979 3086 1070 3135 auf
1112 3087 1280 3136 eiuem
1320 3087 1454 3136 Aus-

388 3152 757 3217 hiingeschilde
782 3151 1060 3216 nachwies‚
1097 3155 1165 3205 ist
1200 3153 1337 3205 nicht
1360 3155 1453 3203 be-

391 3222 568 3274 kannt.

460 3304 654 3356 Gallum
672 3331 736 3343 —
756 3306 850 3354 wie
872 3321 992 3356 man
1010 3306 1083 3356 im
1100 3306 1382 3371 Allgemeiu
1390 3321 1451 3356 en

388 3370 518 3421 auch
530 3372 613 3421 die
625 3372 855 3424 Cimberu
872 3373 1210 3433 bezeichnete,
1224 3374 1287 3423 de
1303 3389 1449 3439 prov.

390 3453 532 3490 cous.
563 3439 650 3498 13,
686 3449 739 3491 32
788 3441 843 3491 C.
869 3441 1059 3492 Marius
1092 3442 1365 3492 influentes
1397 3442 1451 3491 in

278 3551 285 3558 ,
390 3507 586 3557 Italiam
610 3506 874 3558 Gallorum
894 3509 1143 3559 maximas
1168 3510 1342 3575 copias
1365 3524 1447 3558 re-

388 3574 592 3639 pressit.
628 3575 719 3625 sub
744 3576 916 3638 Novis,
946 3592 989 3628 s,
1013 3578 1119 3631 ind.
1144 3577 1333 3627 Novae.

452 3658 746 3723 fluentibus,
783 3657 985 3708 ‘schlaff
1010 3659 1450 3725 herabhzingend,'

390 3726 497 3804 ‘mit
530 3724 949 3808 Hiingebffenss
983 3726 1302 3790 Niigelsbach
1338 3728 1450 3781 Lat.

390 3791 501 3842 Sul.
528 3790 561 3859 S
586 3791 703 3854 131,
730 3802 773 3842 4.

455 3884 550 3927 267.
587 3892 718 3942 quae
750 3878 823 3927 ad
852 3877 1195 3930 incredibilem
1228 3880 1450 3929 admira-

386 3944 573 4003 tionem
596 3945 883 4009 efferuntur
913 3969 982 3980 ——
1015 3945 1097 3994 die
1121 3945 1450 4006 uuffallende,

383 4010 467 4070 bis
536 4026 651 4059 zum
710 4011 1094 4076 Unmiiglichen·
1141 4015 1451 4078 gesteigerte

387 4076 810 4142 Uebertreibung‚
849 4095 893 4128 z.
932 4079 987 4130 Β.
1024 4095 1110 4128 um
1148 4080 1247 4130 den
1284 4081 1451 4130 Hoch-

388 4150 498 4189 mut
531 4158 594 4191 zu
617 4145 860 4206 geisseln.

1622 2262 1677 2311 in
1691 2264 1940 2319 contione.
1961 2277 2005 2312 s.
2025 2262 2130 2312 ind.
2142 2262 2430 2313 Memmius.
2455 2264 2623 2326 ipsum

1558 2358 1623 2367 -
1641 2331 1831 2380 andern
1849 2328 2046 2380 freilich
2065 2329 2219 2381 nieht.
2244 2331 2506 2393 descend„
2526 2330 2621 2381 das

1558 2398 1743 2448 Forum
1767 2399 1853 2462 lag
1873 2399 1926 2447 iu
1949 2398 2040 2448 der
2063 2398 2371 2462 Niederung.
2404 2399 2616 2461 fornic„

1559 2468 1629 2516 111
1650 2466 1736 2526 40,
1762 2474 1854 2527 162,
1878 2481 1921 2516 s.
1945 2465 2052 2515 ind.
2080 2466 2240 2516 Fabii.

1624 2550 1732 2584 cum
1772 2533 2192 2584 stomacharetur.
2265 2532 2435 2598 Scipio
2451 2570 2466 2595 ,
2525 2534 2616 2582 der

1558 2600 1714 2651 sebon
1742 2601 1822 2650 ein
1847 2599 2141 2666 politischer
2166 2601 2368 2665 Gegner
2398 2600 2492 2651 des
2515 2601 2619 2651 Va-

1554 2679 1685 2728 ters,
1720 2667 1812 2719 des
1844 2667 2076 2718 Metellus
2110 2668 2466 2718 Macedonicus
2497 2683 2617 2730 war,

1550 2735 1739 2800 jedoeh
1756 2736 1868 2786 sine
1886 2736 2159 2786 acerbitate
2183 2733 2273 2798 (de
2291 2736 2377 2785 off.
2398 2737 2420 2784 I
2438 2736 2523 2799 25,
2544 2745 2614 2785 87.

1555 2802 1697 2856 Lael.
1719 2802 1805 2865 21,
1831 2800 1923 2868 77),
1949 2803 2163 2867 geisselt
2185 2817 2245 2852 so
2264 2803 2349 2854 die
2372 2803 2614 2854 Indolenz

1553 2871 1662 2922 und
1687 2871 1782 2934 den
1809 2870 2011 2936 Mangel
2034 2885 2102 2921 an
2125 2871 2343 2936 Euergie
2366 2871 2460 2921 des
2484 2869 2616 2921 Soh-

1556 2954 1668 3002 nes‚
1695 2939 1787 2987 der
1811 2940 1862 2987 in
1887 2938 1977 2988 der
1994 2940 2174 2988 immer
2191 2937 2475 2989 sehlechter
2491 2953 2615 2987 wer-

1555 3006 1752 3056 dendeu
1778 3005 1939 3055 Reihe
1976 3007 2067 3056 der
2099 3007 2207 3055 vier
2230 3006 2424 3056 Briider
2457 3005 2615 3056 schou

1557 3088 1615 3124 so
1639 3072 1737 3123 tiel'
1753 3072 1926 3134 stehe‚
1962 3075 2083 3126 dass
2117 3075 2208 3124 der
2241 3073 2451 3123 ns‘ichste
2476 3072 2616 3124 Sohn

1556 3140 1684 3191 nach
1730 3138 1836 3190 ihm
1879 3140 2155 3204 jedenfalls
2203 3142 2286 3191 ein
2333 3140 2617 3190 wirklicber

1555 3208 1673 3259 Esel
1696 3206 1836 3258 hatte
1858 3210 1967 3258 sein
1993 3212 2220 3260 miissen.

1616 3283 1837 3341 pareret
1866 3302 1936 3311 -
1968 3291 2045 3326 wo
2081 3278 2169 3325 wir
2193 3277 2286 3327 das
2311 3275 2611 3340 plusquam-

1553 3342 1684 3408 perf.
1719 3350 1979 3394 erwarten.
2031 3342 2237 3396 Schultz
2271 3347 2305 3408 S
2339 3342 2442 3394 344
2473 3344 2539 3393 A.
2562 3345 2612 3394 2.
2661 3357 2670 3366 ·

1556 3410 1704 3462 Caes.
1731 3412 1782 3461 b.
1807 3425 1859 3475 g.
1885 3412 1908 3460 1
1932 3409 2015 3473 34,
2039 3421 2066 3460 2
2108 3412 2155 3461 ei
2187 3411 2431 3476 legationi
2466 3410 2615 3461 Ario-

1551 3479 1718 3528 vistus
1741 3478 2032 3544 respondit:
2070 3480 2115 3529 si
2148 3479 2270 3543 quid
2303 3479 2459 3543 ipsiu
2484 3478 2614 3528 Cae-

1553 3559 1667 3596 sare
1690 3560 1821 3661 ppus
1847 3555 2006 3606 esset,
2044 3561 2162 3596 sese
2194 3547 2261 3605 ad
2285 3560 2400 3595 eum
2425 3555 2610 3595 ventu·

1553 3628 1668 3663 rum
1713 3629 1869 3663 msse.

1619 3689 1715 3730 268.
1769 3681 2100 3745 significatio,
2170 3679 2254 3729 die
2295 3679 2613 3744 Deutung.

1548 3764 1719 3813 parva
1751 3765 1831 3806 re,
1880 3746 2038 3798 durch
2076 3746 2224 3796 einen
2256 3746 2464 3796 kleineu
2489 3747 2606 3799 Um-

1552 3815 1726 3874 stand,
1790 3814 1884 3865 auf
1936 3815 2036 3865 den
2096 3828 2214 3862 mun
2271 3813 2614 3865 aufmerksam

1551 3882 1738 3934 macht.
1794 3882 1971 3941 verbo,
2011 3881 2171 3931 durch
2202 3882 2284 3931 ein
2308 3882 2485 3943 Wort,
2520 3882 2613 3933 das

1553 3950 1637 4000 die
1664 3948 1827 4000 Sache
1848 3949 1986 3998 trifft.

1620 4017 1837 4068 obscura
1854 4024 1906 4067 et
1921 4020 2087 4067 latens
2100 4043 2160 4053 —
2181 4016 2265 4074 die
2279 4015 2398 4084 inan
2419 4017 2608 4082 eigent·

1553 4082 1651 4131 lich
1686 4083 1824 4132 nicht
1856 4083 1998 4133 recht
2037 4083 2334 4148 mgr-effen,
2353 4098 2357 4102 ·
2376 4085 2461 4133 die
2496 4099 2611 4134 man

1552 4149 1661 4199 sich
1690 4150 1826 4200 nicht
1851 4152 2081 4201 erklfiren
2109 4152 2261 4202 kann.
