2930 4693
894 193 993 257 nr.
1023 192 1378 256 onA'ronE
1406 192 1458 254 11
1489 191 1590 254 sa.
1619 199 1928 285 swano.
2381 201 2529 263 -215

295 362 565 443 ltemclue
593 364 658 423 in
685 364 905 423 ceteris
933 379 1034 424 res
1062 371 1263 442 gestae
1293 362 1366 424 ad
1394 363 1678 442 cuiusque
1705 363 1937 423 virtutis
1979 381 2166 441 genus
2204 371 2266 425 et
2307 365 2426 428 vim
2469 374 2530 426 et

298 465 517 508 nomen
548 445 1172 509 accommodabuntur.
1234 447 1578 508 Gratissima
1610 453 1805 507 autem
1836 446 1965 507 laus
1993 466 2201 509 eorum
2230 448 2525 512 factorum
2556 466 2663 520 346

296 530 570 601 babetur,
601 549 753 629 quae
783 538 1056 609 suscepta
1095 530 1370 591 videntur
1399 549 1432 591 a
1477 531 1617 590 viris
1656 530 1912 593 fortibus
1952 534 2080 592 sine
2121 530 2525 595 emolumento
2630 587 2635 590 .

298 634 369 675 ae
399 617 697 694 praemio;
731 633 883 694 quae
914 633 1052 675 vero
1084 617 1260 676 etiam
1291 633 1426 676 cum
1458 614 1664 675 labore
1695 622 1754 674 et
1770 614 2078 694 periculo
2060 634 2345 695 lpsorum,
2376 617 2526 678 haec
2630 613 2635 618 ’

296 699 521 760 babent
548 697 910 759 uberrimam
941 700 1172 782 copiam
1205 699 1279 759 ad
1308 696 1690 768 laudandum,
1724 699 1880 778 quod
1914 708 1973 760 et
2003 699 2121 761 dici
2152 702 2528 762 ornatissime

296 791 544 863 possunt
573 790 635 844 et
663 782 856 843 audiri
896 775 1193 843 facillime.
1280 784 1363 844 Ea
1407 783 1565 843 enim
1607 781 1860 881 denique
1902 785 2086 845 virtus
2127 803 2256 846 esse
2295 785 2528 846 videtur

293 869 655 946 praestantis
683 868 811 935 viri,
855 885 1005 946 quae
1047 874 1136 928 est
1165 867 1465 928 fructuosa
1495 866 1644 937 aliis,
1690 868 1805 947 ipsi
1846 876 2047 930 autem
2087 868 2384 931 laboriosa
2426 878 2528 931 aut

294 951 630 1031 periculosa
660 959 761 1012 aut
790 958 951 1012 certe
981 952 1253 1029 gratuita.
1326 951 1537 1029 Magna
1569 952 1743 1014 etiam
1773 950 1870 1012 illa
1912 951 2041 1013 laus
2074 960 2133 1013 et
2162 953 2525 1014 admirabilis

296 1035 485 1096 videri
514 1034 664 1096 solet
693 1035 895 1097 tulisse
926 1054 1095 1096 casus
1121 1037 1423 1115 sapienter
1453 1034 1749 1106 adversos,
1793 1054 1914 1096 non
1946 1036 2199 1099 fractum
2229 1056 2358 1098 esse
2398 1038 2522 1097 for-

295 1128 459 1190 tuna,
487 1121 802 1180 retinuisse
829 1121 891 1179 in
920 1120 1099 1186 rebus
1127 1122 1354 1200 asperis
1384 1118 1749 1198 dignitatem.
1810 1121 2013 1200 Neque
2042 1129 2244 1184 tamen
2271 1121 2372 1182 illa
2401 1140 2523 1183 non
2552 1138 2653 1191 347

295 1212 530 1273 ornant,
562 1203 746 1265 habiti
776 1205 1052 1274 honores,
1086 1204 1323 1266 decreta
1351 1204 1583 1264 virtutis
1610 1206 1893 1283 praemia,
1934 1224 2034 1266 res
2064 1212 2263 1284 gestae
2291 1207 2524 1269 iudiciis

293 1288 603 1349 bominum
635 1287 1083 1367 comprobatae;
1125 1290 1187 1348 in
1217 1288 1432 1368 quibus
1463 1290 1636 1352 etiam
1668 1288 2010 1350 seffcitatem
2040 1292 2229 1370 ipsam
2272 1291 2521 1354 deorum

294 1372 720 1446 immortalium
750 1373 966 1433 iudicio
997 1372 1178 1433 tribui
1221 1372 1574 1433 laudationis
1615 1381 1721 1433 est.
1811 1373 2144 1435 Sumendae
2185 1383 2383 1436 autem
2423 1395 2524 1437 res

296 1464 473 1517 erunt
501 1464 601 1517 aut
629 1457 1032 1534 magnitudine
1060 1455 1446 1537 praestabiles
1475 1464 1576 1517 aut
1603 1458 1859 1517 novitate
1889 1459 2117 1537 primae
2162 1467 2260 1519 aut
2300 1478 2521 1537 genere

295 1542 427 1620 ipso
450 1539 798 1619 singulares
858 1542 1062 1621 Neque
1093 1542 1251 1601 enim
1280 1559 1497 1621 parvae
1527 1559 1721 1619 neque
1750 1543 1998 1602 usitatae
2025 1560 2220 1622 neque
2250 1543 2522 1622 vulgares

295 1624 685 1686 admiratione
716 1633 815 1686 aut
844 1627 1086 1686 omnino
1115 1624 1289 1686 laude
1321 1625 1534 1703 dignae
1568 1623 1752 1684 videri
1779 1624 1989 1685 solent.
2049 1626 2154 1687 Est
2183 1628 2358 1687 etiam
2382 1646 2517 1688 cum
2549 1644 2655 1696 348

296 1710 511 1769 ceteris
539 1709 979 1789 praestantibus
1007 1711 1149 1772 viris
1178 1710 1542 1789 comparatio
1571 1710 1634 1769 in
1664 1706 2001 1770 laudatione
2030 1710 2356 1790 praeclara.
2432 1712 2518 1788 De

293 1812 411 1873 quo
441 1809 661 1869 genere
690 1793 920 1854 libitum
952 1801 1041 1854 est
1064 1794 1209 1854 mihi
1230 1792 1427 1873 paullo
1448 1793 1639 1872 plura,
1672 1812 1847 1874 quam
1874 1794 2268 1865 ostenderam,
2301 1794 2518 1870 dicere,

290 1886 561 1938 nontam
593 1885 840 1957 propter
869 1896 1038 1939 usum
1069 1878 1387 1945 sorensem,
1434 1880 1536 1957 qui
1580 1884 1668 1939 est
1707 1897 1740 1938 a
1784 1897 1881 1939 me
1928 1880 1993 1940 in
2033 1881 2196 1940 omni
2237 1878 2350 1942 hoo
2393 1898 2519 1940 ser·

289 1979 467 2022 mone
497 1969 797 2031 tractatuS,
828 1981 1003 2042 quam
1036 1969 1103 2022 ut
1129 1962 1245 2023 hoc
1275 1962 1568 2032 videretiS,
1600 1964 1651 2021 si
1679 1960 2046 2024 laudationes
2076 1971 2274 2025 essent
2300 1965 2365 2024 in
2385 1982 2519 2025 ora·

290 2047 438 2106 toris
467 2046 679 2115 officio,
711 2047 866 2124 quod
898 2064 1073 2107 nemo
1104 2054 1301 2124 negat,
1346 2048 1570 2106 oratori
1601 2048 1881 2108 virtutum
1923 2050 2187 2109 omnium
2231 2050 2516 2127 cognitio·

289 2147 447 2199 nem,
493 2131 620 2191 sine
661 2148 774 2209 qua
815 2129 1071 2191 laudatio
1114 2131 1268 2191 effici
1307 2148 1427 2191 non
1469 2132 1670 2210 possit,
1716 2150 1844 2192 esse
1885 2134 2302 2194 necessariam.
2391 2132 2513 2193 lam
2546 2144 2652 2197 349

286 2214 657 2294 vituperandi
684 2223 1002 2295 praecepta
1032 2215 1448 2277 contrariisex
1478 2216 1631 2276 vitiis
1659 2215 1946 2276 sumenda
1976 2235 2106 2277 esse
2136 2217 2517 2295 perspicuum

289 2307 397 2359 est.
459 2297 648 2360 Simul
677 2306 767 2359 est
794 2298 937 2360 illud
970 2308 1106 2361 ante
1136 2299 1365 2370 oculoS,
1410 2318 1523 2361 nec
1561 2298 1784 2360 bonum
1824 2301 2015 2361 virum
2054 2302 2297 2380 proprie
2329 2307 2388 2361 et
2417 2318 2516 2362 co-

285 2384 452 2461 piose
481 2382 709 2445 laudari
740 2385 866 2444 sine
895 2385 1178 2445 virtutum
1210 2403 1321 2445 nee
1360 2383 1698 2462 improbum
1732 2386 1925 2445 notari
1945 2403 2013 2445 ac
2035 2386 2358 2465 vituperari
2387 2387 2515 2446 sine

283 2469 559 2528 vitiorum
590 2469 924 2546 cognitione
955 2470 1095 2529 satis
1122 2469 1399 2546 insignite
1441 2474 1618 2551 atque
1660 2486 1869 2547 aspere
1909 2487 2102 2547 posse.
2189 2472 2381 2550 Atque
2420 2471 2518 2530 his

282 2550 430 2612 loeis
473 2561 532 2612 et
581 2552 857 2613 laudandi
899 2560 958 2613 et
1008 2552 1379 2631 vituperandi
1406 2570 1595 2631 saepe
1625 2550 1798 2612 nobis
1827 2561 1918 2613 est
1945 2553 2276 2617 utendum
2260 2572 2324 2614 ιιι
2353 2556 2518 2614 omni

283 2654 503 2714 genere
532 2654 861 2697 causarum.

451 2720 691 2782 Habetis
742 2720 816 2780 de
858 2719 1228 2781 inveniendis
1268 2719 1450 2780 rebus
1501 2719 1998 2802 disponendisque
2051 2721 2192 2802 quid
2240 2723 2510 2785 sentiam.
2543 2729 2649 2783 350

282 2805 612 2883 Adiungam
645 2806 821 2866 etiam
854 2805 926 2865 de
955 2806 1344 2875 memoria,
1375 2812 1442 2865 ιιι
1471 2803 1675 2865 labore
1707 2806 1982 2866 Crassum
2012 2804 2199 2866 levem
2233 2824 2426 2887 neque
2458 2808 2514 2866 ei

279 2889 597 2969 quidquam
630 2889 803 2959 aliud,
848 2887 921 2950 de
962 2908 1080 2969 quo
1123 2888 1390 2967 disserat,
1444 2887 1777 2969 relinquam
1820 2891 1934 2951 nisi
1976 2909 2061 2960 ea,
2111 2890 2327 2970 quibus
2366 2891 2513 2951 haec

280 2982 663 3034 exornentur.

446 3059 637 3137 Perge
664 3076 825 3129 vero,
856 3059 1048 3137 inquit
1077 3055 1412 3120 CRASSUS.
1474 3056 1758 3119 Libenter
1787 3061 1945 3121 enim
1974 3068 2034 3120 te
2063 3062 2364 3137 cognitum
2392 3061 2509 3119 iam
2553 3002 2642 3128 86

278 3142 566 3203 artificem
597 3142 1027 3223 aliquandoque
1073 3142 1368 3204 evolutum
1410 3141 1529 3202 illis
1567 3143 1990 3221 integumentis
2031 3142 2513 3204 dissimulationis

342 3375 427 3436 85,
453 3386 545 3428 346.
579 3378 849 3441 facillime,
874 3392 957 3426 am
982 3377 1219 3427 liebsten.
1254 3379 1339 3427 de·
1512 3385 1604 3427 349.
1638 3379 1856 3442 proprie
1878 3385 1929 3426 et
1951 3378 2176 3440 copiose,
2201 3376 2386 3440 riehtig
2403 3376 2511 3425 und

275 3447 451 3511 nique,
480 3445 759 3510 iiberhaupt
781 3456 902 3507 erst,
931 3443 962 3510 S
991 3442 1104 3493 146.
1131 3442 1249 3495 315.
1444 3443 1800 3511 erachiipfend.
1845 3445 2082 3508 insignite
2114 3450 2267 3508 atque
2302 3459 2509 3507 aspere,

342 3521 435 3562 347.
480 3513 642 3563 habiti
669 3513 915 3571 honores,
973 3512 1115 3563 Brut.
1157 3510 1245 3570 13,
1289 3521 1340 3562 51
1443 3512 1541 3576 eig.
1568 3510 1844 3573 kenntlieh‚
1869 3511 1978 3560 also
2002 3510 2219 3560 treffend
2241 3526 2296 3563 u.
2321 3509 2509 3575 scharf,

276 3581 601 3643 maximeque
635 3577 753 3630 huie
775 3580 913 3629 laudi
935 3577 1098 3628 habiti
1120 3576 1340 3629 honores
1442 3577 1480 3643 8
1503 3577 1623 3629 358.

274 3647 471 3698 illustre
494 3658 748 3698 oratorum
783 3661 965 3698 nomen
989 3646 1337 3696 reddiderunt.
1509 3655 1603 3697 350.
1642 3647 1698 3698 C.
1734 3645 1936 3695 Lehre
1969 3659 2091 3695 von
2129 3645 2236 3694 der
2268 3647 2509 3696 memoria

342 3723 436 3767 348.
460 3732 605 3781 quam
619 3716 958 3777 ostenderam,
986 3715 1061 3763 als
1083 3711 1162 3762 ich
1178 3727 1335 3777 ange·
1440 3712 1784 3776 (Mnemonik)
1811 3726 1854 3766 c.
1877 3710 1964 3772 85,
1987 3711 2215 3775 aso—88,
2245 3722 2338 3763 ³61.
2378 3713 2508 3765 Einl.

275 3782 472 3843 demet,
522 3783 646 3834 oder
677 3782 753 3833 als
785 3782 868 3831 ich
897 3790 1161 3832 vermuten
1198 3781 1342 3840 liess,
1443 3783 1488 3830 ll
1512 3783 1546 3842 S
1569 3781 1618 3841 5,
1643 3790 1710 3832 33.

274 3849 340 3900 da
365 3850 421 3914 ja
445 3852 511 3899 A.
534 3849 753 3914 anfaugs
789 3850 882 3899 das
915 3864 1032 3914 gen.
1059 3849 1342 3898 demonstr.
1509 3847 1596 3900 86.
1649 3850 1919 3912 artificem,
1974 3848 2084 3897 also
2141 3848 2258 3897 kein
2308 3847 2510 3897 blosser

271 3917 377 3968 fast
397 3933 531 3981 ganz
555 3916 847 3981 iibergehen
868 3934 929 3966 zu
951 3917 1134 3967 wellen
1154 3916 1342 3967 erklfirt
1439 3916 1734 3977 Praktiker‚
1768 3915 1992 3966 sondern
2022 3915 2116 3964 mit
2139 3915 2235 3964 den
2263 3912 2506 3963 trefflich-

271 3983 426 4034 batte.
1441 3992 1554 4034 sten
1600 3982 1974 4034 theoretischen
2006 3983 2345 4033 Kenntuissen
2380 3995 2503 4031 aus-

338 4054 572 4104 virtutum
595 4053 926 4117 coquitionem
955 4077 1023 4088 —-·
1055 4051 1245 4102 wieder
1266 4052 1339 4100 im
1438 4054 1682 4116 geriistet.
1727 4051 2156 4112 dissimulationis,
2182 4049 2214 4112 §
2236 4050 2287 4098 4.
2312 4049 2398 4099 40.
2446 4051 2506 4100 In

270 4118 557 4171 Anacbluss
615 4134 682 4169 an
729 4118 1063 4180 Aristoteles,
1133 4118 1267 4182 Einl.
1317 4120 1339 4168 1
1439 4119 1532 4170 der
1548 4120 1800 4186 positiven
1813 4087 2507 4184 DarstelluugdesAnmnius

268 4183 302 4252 S
327 4185 376 4249 7,
401 4195 472 4239 38.
1438 4184 1537 4253 (im
1557 4189 1602 4239 ll
1615 4187 1655 4238 B
1659 4187 1895 4253 .)lautete
1907 4185 2183 4252 allex-<linga
2199 4184 2330 4238 auch
2345 4184 2509 4237 vieles
