2930 4693
505 239 588 307 86
1097 236 1194 303 DE
1224 238 1577 303 ORATORE
1604 239 1629 301 1
1659 240 1763 301 57.
1790 246 2097 303 241—243.

506 427 634 471 esse
673 426 792 471 non
843 417 1044 490 posset
1094 409 1468 493 (quamquam
1519 410 1632 472 fuit
1670 410 1913 473 Crassus
1957 412 2021 471 in
2049 426 2300 472 numero
2330 409 2710 483 disertorum,

505 495 609 556 sed
649 512 759 576 par
788 488 1006 557 Galbae
1048 495 1207 557 nullo
1249 496 1475 577 modo),
1530 496 1601 557 ad
1645 504 1915 559 auctores
1954 495 2289 596 confugisse
2320 504 2379 557 et
2406 497 2496 568 id,
2549 497 2712 578 quod

498 583 631 662 ipse
661 580 912 652 diceret,
960 582 1108 642 etin
1136 583 1201 643 P.
1231 582 1408 643 Mucii
1448 581 1649 643 fratris
1689 583 1780 644 sui
1808 580 1976 643 libris
2006 588 2066 643 et
2093 581 2155 642 in
2186 582 2320 643 Sex.
2366 546 2514 643 Aeli'i
2546 600 2711 643 com-

504 667 808 728 mentariis
836 667 1118 745 scriptum
1140 665 1454 746 protulisse
1484 685 1553 728 ac
1580 675 1779 729 tamen
1809 668 2166 729 concessisse
2198 666 2418 728 Galbae
2448 667 2710 747 disputa-

335 749 418 824 57
432 761 527 812 241
544 753 762 813 tionem
792 749 905 811 sibi
932 750 1299 829 probabilem
1322 759 1383 814 et
1408 769 1595 832 prope
1623 771 1822 814 veram
1851 752 2055 814 videri.
2090 786 2174 797 —
2209 752 2479 813 Attamen
2496 800 2513 824 ,
2555 770 2711 832 quae

504 855 713 899 causae
754 844 892 897 sunt
919 836 1232 908 eiusmodi,
1279 845 1343 899 ut
1385 836 1457 897 de
1503 855 1705 899 earum
1742 839 1873 899 iure
1915 836 2155 899 dubium
2187 855 2316 898 esse
2346 856 2466 898 non
2495 839 2699 917 possit,

503 923 743 984 omnino
789 922 853 982 in
892 920 1170 982 iudicium
1210 924 1407 984 vocari
1447 940 1566 982 non
1597 922 1805 985 solent.
1874 923 2028 984 Num
2069 924 2201 1003 quis
2231 940 2302 984 eo
2332 929 2708 992 testamento,

501 1006 659 1089 quod
685 1005 1104 1087 paterfamilias
1133 1014 1268 1068 ante
1297 1007 1462 1079 fecit,
1507 1025 1683 1087 quam
1714 1009 1769 1069 ei
1797 1006 1949 1068 filius
1978 1014 2150 1069 natus
2181 1016 2362 1079 esset,
2410 1008 2710 1070 heredita-

502 1102 620 1155 tem
664 1091 847 1172 petit?
910 1091 1127 1162 Nemo;
1171 1094 1307 1172 quia
1350 1099 1578 1154 constat
1620 1092 1991 1172 agnascendo
2030 1095 2227 1175 rumpi
2274 1100 2707 1155 testamentum.

502 1178 658 1256 Ergo
686 1178 749 1237 in
778 1177 892 1237 hoc
921 1193 1139 1256 genere
1178 1179 1325 1239 iuris
1352 1176 1568 1239 iudicia
1609 1176 1769 1239 nulla
1813 1185 1967 1239 sunt.

2038 1178 2204 1240 Licet
2240 1180 2422 1258 igitur
2461 1180 2706 1259 impune

502 1262 724 1323 oratori
752 1280 989 1324 omnem
1017 1262 1172 1324 hanc
1199 1270 1430 1345 partem
1458 1263 1608 1325 iuris
1635 1264 1762 1324 sine
1786 1265 2201 1325 controversiis
2229 1265 2525 1343 ignorare,
2556 1281 2709 1344 quae

378 1361 480 1412 242
506 1366 647 1428 pars
674 1348 802 1408 sine
832 1346 1010 1409 dubio
1037 1348 1223 1410 multo
1253 1351 1505 1411 maxima
1534 1355 1650 1417 est;
1681 1350 1744 1410 in
1775 1367 1846 1411 eo
1875 1356 2069 1411 autem
2098 1350 2244 1421 iure,
2276 1348 2434 1448 quod
2463 1348 2710 1428 ambigi-

510 1440 604 1494 tur
630 1433 788 1494 inter
815 1433 1228 1513 peritissimoS,
1274 1452 1394 1495 non
1424 1440 1514 1496 est
1543 1433 1779 1494 difficile
1822 1435 2044 1496 oratori
2084 1435 2210 1495 eius
2247 1435 2459 1514 partiS‚
2504 1452 2707 1514 quam-

502 1536 753 1598 cumque
775 1517 1069 1590 defendet‚
1094 1526 1397 1581 auctorem
1412 1518 1696 1600 aliquem
1679 1537 1974 1590 invenire
2007 1537 2039 1581 a
2069 1538 2186 1598 quo
2216 1537 2352 1580 cum
2383 1526 2709 1583 amentatas

500 1604 698 1666 hastas
736 1605 1060 1684 acceperit,
1112 1606 1239 1685 ipse
1282 1623 1380 1667 eas
1421 1605 1675 1667 oratoris
1715 1603 1949 1665 lacertis
2007 1603 2346 1684 viribusque
2385 1603 2706 1685 torquebit.

500 1689 624 1752 Nisi
652 1706 791 1751 vero
824 1687 998 1770 (bona
1027 1692 1195 1751 venia
1223 1690 1398 1752 huius
1426 1691 1633 1769 optimi
1664 1690 1772 1750 viri
1802 1689 2068 1770 dixerim)
2103 1688 2418 1751 Scaevolae
2448 1697 2512 1750 tu
2541 1688 2709 1750 libel-

500 1774 573 1836 lis
613 1782 713 1836 aut
750 1776 1083 1855 praeceptis
1124 1777 1315 1837 soceri
1356 1777 1440 1837 tui
1480 1793 1712 1837 causam
1743 1774 1839 1836 Μ.
1871 1776 2032 1838 Curii
2072 1774 2406 1836 defendisti.

2492 1774 2704 1837 Nonne

501 1859 809 1939 adripuisti
819 1861 1212 1939 patrocinium
1226 1862 1535 1941 aequitatis
1549 1867 1607 1921 et
1637 1856 2040 1922 defensionem
2068 1867 2558 1922 testamentorum
2592 1855 2707 1942 [ac]

566 2097 651 2160 57,
664 2106 758 2149 241.
783 2097 1048 2148 Entweder
1056 2090 1554 2150 beruhtderRechts·

499 2165 588 2216 fal}
610 2165 702 2216 auf
715 2179 846 2232 ganz
868 2165 1321 2233 nnzweideutigem
1340 2168 1443 2218 und
1461 2168 1550 2217 be-

498 2235 772 2285 stimmtem
782 2234 944 2284 Recht
966 2234 1070 2298 (ius
1095 2233 1305 2299 certum)
1329 2263 1393 2272 —
1415 2236 1553 2286 daun

498 2303 692 2354 kommt
727 2317 782 2353 er
803 2318 896 2369 gar
918 2302 1057 2354 nicht
1080 2319 1171 2355 zur
1191 2302 1551 2369 gerichtlichen

499 2371 871 2437 Cognition—;
896 2372 1020 2423 oder
1040 2373 1162 2423 aber
1185 2388 1239 2423 er
1261 2371 1405 2424 faut
1392 2389 1445 2424 ιιι
1471 2374 1553 2424 die

498 2440 763 2506 Kategorie
794 2440 885 2491 des
927 2441 1006 2491 ius
1047 2448 1425 2492 controversum
1473 2440 1551 2509 (p.

498 2507 630 2559 Mur.
657 2506 733 2569 13,
757 2508 848 2572 28),
871 2508 1004 2559 dann
1029 2509 1165 2559 kann
1187 2508 1296 2559 sich
1318 2457 1552 2560 derRed·

497 2591 587 2694 neltl·
610 2578 692 2628 bei
715 2578 877 2628 einem
899 2576 1188 2629 bewahrten
1198 2577 1419 2629 Juristen
1427 2578 1552 2629 Rata

497 2660 551 2695 er
589 2646 721 2697 olen.

561 2717 729 2780 rumpi
755 2715 824 2764 ist
855 2714 946 2764 der
966 2714 1260 2766 technische
1282 2714 1551 2765 Ausdruck

495 2781 577 2831 fiir
609 2783 783 2832 diesen
813 2781 919 2831 Fau
954 2783 1044 2832 der
1075 2782 1380 2848 Nichtigkeit
1411 2784 1551 2833 eines

494 2850 811 2900 Testaments
859 2849 1015 2900 durch
1061 2852 1262 2916 agnatio
1309 2852 1551 2917 postumi.

497 2917 598 2967 Das
641 2924 997 2967 testamentum
1035 2920 1102 2969 ist
1147 2920 1283 2969 daun
1328 2927 1552 2985 ruptum.

495 2984 735 3035 wahrend
769 2999 824 3034 es
858 3001 902 3035 z.
927 2986 984 3035 B.
1018 3000 1193 3050 wegen
1226 2986 1553 3052 Unt’ahigkeit

497 3054 587 3103 des
610 3053 867 3103 Testators
892 3054 1084 3103 irritum
1108 3055 1198 3116 ist,
1224 3055 1258 3116 S
1283 3053 1398 3106 173.

561 3122 670 3172 sine
693 3123 1053 3173 controversiis
1083 3123 1149 3172 ist
1185 3122 1312 3172 nach
1346 3123 1445 3173 den
1469 3123 1549 3175 hs.

496 3189 693 3253 Spuren
708 3189 789 3240 die
802 3189 1013 3255 richtige
1024 3190 1217 3241 Lesart.
1255 3190 1356 3241 Cic.
1372 3192 1552 3242 driickt

496 3259 593 3308 den
620 3259 886 3325 negativen
908 3258 1103 3324 Begriff
1120 3260 1260 3310 eines
1281 3260 1550 3324 Attribnts,

495 3327 587 3378 das
612 3344 650 3378 α
671 3327 992 3393 privativum,
1013 3326 1168 3379 ofters
1185 3342 1243 3378 so
1262 3327 1421 3379 durch
1438 3328 1551 3379 sine

494 3410 613 3458 auS‚
652 3412 697 3447 z.
724 3395 781 3450 B.
820 3395 954 3446 Orat.
980 3404 1109 3462 part.
1138 3395 1227 3459 14,
1253 3404 1305 3446 48
1337 3396 1426 3447 illa
1448 3395 1550 3461 (sc.

493 3463 814 3546 argumenta)
855 3479 985 3527 quae
1023 3466 1133 3515 εἰπε
1173 3472 1287 3515 arte
1332 3464 1553 3525 πίστεις

492 3524 723 3598 ἄτεχνοι
756 3530 915 3598 (Ειιιι.
950 3534 995 3582 11
1027 3534 1060 3596 S
1093 3530 1183 3599 10)
1214 3534 1550 3599 appellantur,

494 3615 623 3662 quae
644 3610 905 3666 assumpta
922 3600 1113 3651 dixisti.
1140 3600 1552 3667 Vg1.ovid.met.

494 3670 512 3717 1
539 3667 607 3719 20
628 3670 924 3735 pugnabant
939 3671 1049 3721 sine
1062 3672 1295 3735 pondere
1312 3669 1552 3721 habentia

497 3738 720 3802 pondus.

558 3822 689 3873 quae
707 3821 839 3871 pars
860 3806 892 3868 S
920 3805 1033 3856 174.

558 3883 651 3925 242.
669 3873 965 3933 mutatas,
984 3889 1078 3925 ans
1097 3874 1550 3925 derRiistkammer

492 3943 582 3994 des
611 3944 862 4001 Juristen;
899 3957 954 3992 es
978 3943 1093 3993 sind
1118 3943 1210 3992 mit
1234 3942 1349 3992 dem
1374 3957 1549 3993 amen-

489 4020 612 4070 tum,
634 4012 751 4061 dem
776 4009 1251 4077 Schwungriemen‚
1269 4010 1548 4061 versehene

490 4079 721 4137 Lanzen3
747 4079 884 4129 deun
907 4093 955 4128 a.
983 4086 1061 4129 est
1082 4080 1274 4143 lorum,
1313 4094 1413 4143 quo
1437 4095 1544 4128 me-

492 4144 577 4192 dia
590 4144 738 4194 hasta
753 4147 997 4211 religatur
1014 4156 1064 4196 et
1080 4147 1258 4198 iacitur
1279 4145 1445 4212 (.Brut
1458 4145 1546 4212 78,

491 4210 610 4270 271).
644 4210 945 4275 Top.17,c⁵
972 4213 1171 4264 Privata
1198 4216 1333 4265 enim
1360 4216 1546 4265 iudicia

492 4276 824 4328 maximarum
832 4279 1035 4339 quidem
1043 4295 1211 4331 rerum
1232 4283 1309 4331 ιιι
1297 4284 1543 4333 ιιιιιεοοιι-

373 1959 475 2012 243
504 1942 816 2006 voluntatis
847 1940 1292 2028 [mortuorum].
1274 1946 1297 1991 ‘2
1336 1946 1420 2007 Ac
1460 1964 1591 2007 mea
1632 1945 1869 2026 quidem
1898 1946 2188 2008 sententia
2220 1943 2519 2026 (frequens
2549 1945 2708 2006 enim

1653 2100 1902 2150 sultorum
1933 2098 2059 2149 mihi
2083 2098 2317 2149 videntur
2348 2112 2463 2148 esse
2484 2099 2707 2165 pruden-

1652 2168 1740 2219 tia.
1798 2167 1927 2217 Nam
1961 2175 2010 2217 et
2032 2167 2217 2217 adsunt
2238 2167 2456 2218 multum
2490 2176 2542 2217 et
2560 2166 2707 2217 adhi-

1652 2236 1833 2286 bentur
1854 2236 1909 2285 in
1932 2235 2158 2299 consilio,
2170 2242 2220 2285 et
2242 2235 2471 2301 patronis
2496 2234 2710 2300 diligen-

1650 2304 1816 2369 tibus,
1858 2303 1925 2355 ad
1966 2317 2139 2355 eorum
2177 2304 2496 2370 prudentiam
2530 2301 2710 2354 confu-

1650 2373 1929 2503 {engbuffi
1966 2373 2142 2424 hastas
2171 2375 2318 2424 mams'
2279 2375 2292 2387 ‘
2317 2379 2475 2424 umet.
2535 2372 2710 2432 Quint.

1704 2442 1751 2491 11
1857 2449 1883 2490 4

1721 2508 2014 2568 Scaevolae,
2041 2508 2284 2560 natiirlich
2309 2507 2448 2559 nicht
2470 2508 2560 2558 der
2576 2509 2710 2559 beim

1653 2575 1911 2644 Gesprfich
1933 2577 2304 2644 gegenwartige
2327 2574 2471 2658 (wie.
2471 2591 2588 2626 man
2613 2577 2710 2626 das

1654 2660 1789 2697 nom.
1813 2660 1890 2710 pr.
1919 2661 1982 2695 zu
2005 2645 2157 2695 huius
2181 2644 2360 2711 optimi
2381 2645 2477 2696 viri
2495 2643 2712 2694 ziehend

1652 2713 1915 2765 falschlich
1925 2711 2432 2779 angenommenhat)‚
2460 2713 2592 2763 denn
2607 2727 2709 2763 von

1652 2783 1771 2832 dem
1791 2783 1991 2833 werden
2010 2783 2140 2832 eben
2159 2797 2254 2832 nur
2269 2790 2551 2846 praecepta,
2572 2779 2713 2831 nicht

1652 2850 1810 2900 libelli
1843 2849 2093 2915 erwahnt,
2131 2850 2349 2900 sondern
2387 2850 2478 2899 der
2511 2849 2709 2899 Bruder

1653 2919 1745 2969 des
1769 2919 1826 2970 P.
1856 2918 2067 2969 Crassus
2091 2917 2354 2968 Mucianus
2376 2918 2595 2970 u.Vater
2616 2917 2713 2967 des
2823 2977 2828 2980 ι

1653 2986 1714 3047 Q.
1739 2986 1935 3036 Mucius
1960 2986 2205 3037 Scaevola
2227 2985 2284 3035 P.
2296 2987 2364 3036 M.
2386 2984 2459 3050 (s.
2477 2986 2711 3036 ind.Mu-

1651 3051 1741 3118 cii)
1767 3055 1871 3118 ‘qui
1892 3056 1974 3105 ius
1997 3054 2144 3105 civile
2167 3054 2415 3105 fundavit’
2447 3054 2554 3104 und
2587 3068 2712 3103 aus·

1652 3121 1908 3173 driicklich
1941 3122 2017 3172 als
2042 3123 2132 3173 der
2154 3122 2294 3172 Verf.
2331 3136 2433 3173 von
2458 3124 2629 3173 decem
2649 3123 2717 3172 li-

1651 3191 1768 3241 belli
1798 3193 1864 3242 de
1895 3193 2007 3242 iure
2039 3192 2174 3242 civili
2211 3198 2436 3256 genennt
2466 3190 2608 3240 wird.
2644 3216 2714 3226 --

1649 3258 1817 3309 Dutch
1864 3258 1944 3309 die
1976 3258 2454 3325 vorausgeschickte
2485 3257 2713 3309 Hoflich-

1653 3327 1963 3379 keitsformel
2002 3328 2104 3377 wil}
2144 3326 2254 3377 sich
2294 3327 2357 3380 A.
2392 3325 2707 3386 vex-wahren,

1652 3396 1772 3446 dass
1797 3411 1852 3446 er
1871 3397 1964 3447 mit
1985 3396 2160 3446 diesen
2183 3395 2398 3445 Worten
2422 3395 2520 3445 den
2541 3393 2712 3444 schul-

1649 3464 1804 3530 digen
1825 3464 2045 3531 Respect
2067 3479 2159 3515 vor
2183 3463 2273 3514 der
2282 3461 2713 3513 Rechtskenntuis

1650 3532 1741 3582 der
1764 3531 1980 3584 Scz'ivola
2005 3531 2287 3597 iiberhaupt
2319 3547 2371 3581 u.
2398 3531 2489 3582 des
2513 3545 2715 3597 gegen-

1649 3603 1894 3667 wartigen
1915 3600 2130 3666 Augur
2116 3614 2170 3649 ιιι
2193 3600 2370 3649 keiner
2390 3599 2568 3649 Weise
2588 3614 2709 3648 ver-

1651 3669 1819 3720 letzen
1842 3669 2006 3720 wolle.
2050 3669 2345 3735 aequitatis,
2366 3666 2475 3718 also
2500 3667 2618 3717 dass
2637 3667 2713 3717 du

1650 3737 1837 3803 gerade
1867 3751 1984 3787 vom
2020 3745 2258 3801 strengen
2280 3734 2442 3786 Recht
2476 3734 2583 3785 und
2606 3735 2710 3785 den

1649 3806 1902 3870 positiven
1924 3803 2520 3870 Rechtsbestimmungen
2553 3804 2708 3853 absa-

1647 3872 1764 3924 hest
1784 3873 1856 3937 (s.
1880 3873 1991 3923 ind.
2014 3871 2240 3925 Rechtsf.
2256 3870 2335 3938 8).

1717 3948 2121 3992 testamentorum
2141 3943 2428 3992 voluntatis.
2483 3939 2576 3989 Die
2599 3939 2711 3989 ein-

1647 4009 2039 4074 geklammerten
2076 4009 2253 4059 Worte
2283 4008 2508 4074 gehiiren
2544 4007 2708 4058 offen-

1647 4079 1739 4127 bar
1761 4076 1900 4127 nicht
1923 4078 1975 4128 ιιι
2000 4078 2097 4128 den
2121 4078 2275 4138 Text,
2311 4078 2407 4127 wie
2441 4075 2599 4127 sehon
2623 4076 2710 4125 die

1648 4145 2047 4211 entspreehende
2068 4145 2429 4196 Parallelstelle
2453 4144 2591 4194 Brut.
2617 4142 2705 4208 53,

1647 4222 1723 4264 198
1757 4214 1944 4265 deinde
1975 4212 2246 4280 (Crassus)
2279 4228 2490 4279 aequum
2510 4213 2706 4273 boumn,

1647 4288 2053 4335 testamentorum
2083 4283 2363 4333 sententiae
2401 4284 2706 4332 voluntates-
