2930 4693
203 615 287 689 41
303 626 406 680 185

373 201 458 264 64
914 194 1014 257 DE
1046 193 1400 256 ORATORE
1428 194 1452 254 l
1484 194 1586 255 41.
1618 191 1719 256 42.
1756 199 2062 255 185—187.

377 373 502 428 toto
532 366 683 441 foro,
713 363 1075 445 praesidium
1096 361 1408 425 clientibus
1439 371 1614 444 atque
1638 381 1813 443 opem
1845 364 2049 424 amicis
2071 370 2132 424 et
2159 379 2347 442 prope
2379 363 2611 423 cunctis

378 450 602 513 civibus
630 448 824 511 lucem
855 450 1078 528 ingenii
1125 455 1185 509 et
1224 447 1455 509 consilii
1484 449 1577 510 sui
1604 450 2013 528 porrigentem
2061 453 2236 528 atque
2264 446 2608 509 tendentem

379 553 579 597 nonne
609 534 883 615 inprimis
911 533 1266 612 flagitiosum
1295 533 1623 613 putandum
1655 535 1780 595 est?

374 705 681 767 hominum
733 709 908 784 atque
955 703 1249 764 inertiam.

577 618 651 680 Et
679 619 959 699 quoniam
983 617 1057 679 de
1085 617 1452 698 impudentia
1483 617 1629 689 dixi,
1663 619 2018 697 castigemus
2048 617 2227 678 etiam
2257 615 2611 694 segnitatem

1332 703 1482 765 Nam
1525 703 1575 764 si
1607 710 1762 765 esset
1789 704 1900 764 ista
1930 702 2190 781 cognitio
2217 701 2365 762 iuris
2393 718 2611 780 magna

376 797 551 870 atque
582 787 865 859 difficilis,
897 796 1099 849 tamen
1127 786 1396 849 utilitatis
1422 787 1770 867 magnitudo
1801 780 2048 848 deberet
2076 786 2348 848 homines
2379 785 2451 847 ad
2482 802 2610 847 sus·

378 873 717 954 cipiendum
748 872 1016 935 discendi
1043 871 1310 935 laborem
1340 871 1670 953 impellere.
1734 871 1883 944 Sed,
1916 890 1951 932 o
1984 870 2043 931 di
2071 868 2457 948 immortales,
2489 889 2612 932 non

378 958 640 1020 dicerem
686 956 800 1018 hoc
852 957 1128 1019 audiente
1179 956 1457 1019 Scaevola
1482 1005 1498 1028 ‚
1552 958 1663 1018 nisi
1704 958 1832 1038 ipse
1876 955 2074 1017 dicere
2118 953 2341 1018 soleret
2391 954 2613 1018 nullius

251 1053 352 1107 186
382 1045 526 1105 artis
576 1040 905 1103 faciliorem
955 1040 1069 1104 sibi
1116 1043 1518 1121 cognitionem
1547 1041 1754 1105 videri.
1844 1040 2014 1113 Quod
2057 1032 2295 1121 quidem
2326 1041 2506 1102 certis
2538 1038 2613 1102 de

378 1127 572 1190 causis
602 1145 635 1187 a
663 1125 964 1207 plerisque
995 1125 1166 1187 aliter
1197 1127 1596 1197 existimatum
1629 1129 1906 1207 primum,
1940 1126 2076 1206 quia
2107 1133 2336 1186 veteres
2364 1123 2478 1195 illi,
2512 1126 2615 1205 qui

376 1213 516 1274 huic
566 1212 848 1272 scientiae
888 1212 1306 1291 praefuerunt,
1361 1210 1721 1273 obtinendae
1764 1219 1939 1292 atque
1979 1210 2284 1289 augendae
2313 1210 2614 1290 potentiae

380 1314 521 1358 suae
553 1314 730 1358 causa
758 1294 1096 1376 pervulgari
1127 1303 1316 1358 artem
1346 1314 1516 1358 suam
1548 1295 1899 1366 noluerunt;
1946 1294 2189 1367 deinde,
2230 1302 2615 1375 posteaquam

378 1389 469 1444 est
498 1381 737 1451 editum,
771 1382 1052 1461 expositis
1073 1399 1107 1441 a
1134 1381 1238 1444 Cn.
1270 1379 1473 1442 Flavio
1502 1383 1763 1462 primum
1792 1378 2139 1452 actionibus,
2172 1378 2322 1442 nulli
2351 1378 2612 1451 fuerunt,

379 1468 482 1548 qui
511 1465 612 1527 illa
642 1465 958 1527 artificiose
989 1465 1218 1545 digesta
1247 1468 1580 1545 generatim
1610 1472 2057 1546 componerent.
2132 1462 2291 1526 Nihil
2335 1471 2426 1526 est
2454 1465 2631 1533 enim,

377 1550 537 1632 quod
567 1550 640 1612 ad
672 1557 863 1612 artem
894 1549 1086 1629 redigi
1113 1552 1328 1631 possit,
1361 1553 1479 1613 nisi
1506 1549 1609 1612 ille
1639 1552 1806 1631 prius
1824 1598 1840 1624 ,
1873 1551 1975 1630 qui
2002 1548 2103 1611 illa
2133 1556 2326 1621 tenet,
2360 1567 2616 1630 quorum

379 1643 569 1698 artem
597 1637 911 1697 instituere
941 1632 1080 1707 vult,
1113 1635 1294 1697 habet
1321 1634 1485 1697 illam
1516 1636 1854 1707 scientiam,
1886 1642 1954 1697 ut
1981 1654 2054 1696 ex
2085 1636 2170 1696 eis
2199 1632 2413 1706 rebus,
2469 1654 2615 1715 qua-

244 1737 352 1789 187-
376 1740 510 1784 rum
542 1737 639 1783 ars
670 1720 934 1782 nondum
964 1722 1057 1790 sit,
1091 1728 1282 1782 artem
1313 1721 1553 1782 efficere
1582 1722 1786 1801 possit.
1874 1719 2003 1781 Hoc
2031 1719 2220 1789 video,
2253 1719 2392 1780 dum
2421 1718 2615 1781 brevi-

379 1813 472 1868 ter
500 1804 789 1867 voluerim
820 1805 1020 1866 dicere
1044 1852 1059 1877 ,
1114 1804 1335 1866 dictum
1367 1824 1401 1866 a
1430 1823 1528 1866 me
1571 1823 1700 1866 esse
1740 1803 1938 1885 paullo
1971 1803 2310 1866 obscurius:
2363 1803 2469 1864 sed
2513 1822 2614 1865 ex-

251 1895 336 1968 42
377 1892 578 1972 periar
608 1897 668 1951 et
696 1889 888 1950 dicam
911 1936 927 1960 ,
962 1891 1012 1952 si
1040 1896 1249 1969 potero
1272 1937 1287 1962 ,
1321 1889 1574 1969 planiuS.
1665 1890 1875 1952 Omnia
1916 1889 2079 1961 fere,
2123 1906 2275 1968 quae
2305 1895 2444 1949 sunt
2474 1907 2614 1949 con-

383 1974 546 2037 clusa
585 1991 744 2035 nunc
800 1972 1053 2043 artibus,
1108 1973 1375 2054 dispersa
1406 1982 1467 2036 et
1497 1974 1774 2055 dissipata
1806 1973 2100 2056 quondam
2133 1973 2407 2044 fuerunt;
2459 1981 2526 2035 ut
2552 1974 2616 2034 in

378 2060 621 2122 musicis
652 2060 889 2120 numeri
918 2067 978 2120 et
1005 2075 1181 2119 voces
1211 2067 1271 2120 et
1300 2059 1490 2131 modi;
1532 2060 1596 2120 in
1627 2061 1956 2139 geometria
1996 2057 2355 2119 lineamenta
2387 2057 2616 2120 formae

377 2142 682 2206 intervalla
724 2142 1188 2223 magnitudines;
1242 2145 1306 2204 in
1349 2142 1667 2224 astrologia
1710 2143 1859 2205 caeli
1889 2143 2195 2205 conversio
2226 2149 2392 2205 ortus
2421 2141 2617 2205 obitus

380 2237 692 2310 motusque
725 2228 1020 2299 siderum;
1053 2229 1116 2289 in
1148 2230 1551 2307 grammaticis
1581 2234 1893 2310 poetarum
1923 2227 2307 2310 pertractatio
2340 2228 2616 2289 historia-

378 2334 513 2378 rum
545 2315 807 2395 cognitio
839 2312 1157 2376 verborum
1201 2315 1614 2394 interpretatio
1655 2312 2079 2395 pronuntiandi
2122 2312 2360 2394 quidam
2400 2331 2616 2383 sonus;

380 2402 442 2461 in
485 2400 599 2461 hac
643 2399 898 2480 denique
940 2401 1069 2480 ipsa
1110 2400 1341 2461 ratione
1372 2398 1608 2462 dicendi
1652 2402 1993 2479 excogitare
2042 2415 2258 2459 ornare
2301 2398 2618 2478 disponere

382 2485 722 2547 meminisse
754 2502 930 2563 agere
972 2485 1171 2564 ignota
1218 2484 1519 2566 quondam
1552 2484 1826 2547 omnibus
1856 2489 1917 2545 et
1946 2483 2154 2544 diffusa
2182 2481 2300 2544 late
2337 2481 2617 2545 videban-

451 2714 541 2756 18⁴.
572 2705 896 2771 flagitiosum.
955 2705 1093 2756 Lael.
1134 2703 1226 2770 13,
1260 2714 1313 2756 48
1346 2706 1443 2756 ita-

382 2789 483 2838 que
514 2774 691 2823 videas
725 2773 879 2824 rebus
913 2772 1116 2824 iniustis
1141 2773 1304 2825 iustos
1337 2788 1445 2823 ma-

379 2843 518 2892 xime
542 2840 740 2903 dolere,
777 2840 1066 2892 imbellibus
1092 2840 1275 2901 fortes,
1298 2843 1450 2908 flagi-

382 2911 529 2961 tiosis
550 2909 820 2959 modestos.

449 2975 512 3027 41
528 3012 541 3038 ,
571 2983 663 3026 186.
711 2974 859 3036 Quod
881 2991 936 3039 q.
960 2982 1056 3027 etc.
1107 2975 1208 3025 Das
1232 2974 1446 3027 Rechts-

380 3044 609 3096 studium
624 3043 801 3093 wurde
825 3041 1113 3103 erschwert‚
1128 3043 1310 3093 einmal
1336 3044 1449 3093 weil

381 3128 437 3162 es
457 3111 673 3176 anfangs
684 3125 749 3160 an
770 3109 862 3160 der
871 3109 1076 3175 notigen
1090 3111 1337 3161 Kenntnis
1357 3112 1448 3162 des

383 3178 522 3231 nicht
578 3178 660 3228 ffu-
705 3178 1015 3228 Jedermann
1076 3177 1448 3244 zuginglichen

383 3246 634 3298 Materiale
653 3244 823 3306 fehlte,
840 3246 976 3297 dann
988 3246 1098 3296 weil
1111 3244 1329 3297 hernach
1344 3246 1446 3310 (als

383 3317 473 3366 der
491 3317 618 3367 eben
637 3313 939 3379 angel'iihrte
957 3314 1208 3365 Umstand
1227 3314 1446 3381 wegssel)

383 3400 438 3435 es
457 3382 587 3435 doch
604 3398 670 3433 an
690 3383 782 3434 der
799 3383 1004 3448 niitigen
1025 3382 1447 3448 systematischen

384 3450 914 3516 Zusammenstellung
938 3450 1153 3516 gebrach
1173 3487 1189 3514 ‚
1225 3467 1314 3501 um
1337 3450 1445 3501 sich

384 3518 669 3571 ordentlich
692 3519 998 3569 orientieren
1024 3534 1089 3569 zu
1114 3520 1336 3572 konnen.

383 3604 536 3705 fibi?
544 3587 1454 3721 fflfffissffissieissiiffffitbiffi

384 3733 466 3773 ten
492 3721 695 3782 hatten,
719 3721 1000 3787 gleichsam
1026 3723 1111 3773 die
1122 3723 1313 3773 Herren
1335 3722 1453 3772 der-

385 3791 558 3842 selben
581 3792 784 3853 waren',
811 3787 843 3857 S
864 3788 979 3843 198.
1005 3789 1124 3841 235.
1172 3792 1360 3842 editum
1378 3806 1450 3841 sc.

383 3858 465 3909 ius
482 3894 497 3918 ,
530 3873 636 3910 was
660 3857 915 3908 vielleieht
938 3858 1297 3925 urspriinglich
1321 3857 1451 3909 anch

305 3955 308 3958 -
385 3926 454 3976 im
479 3927 611 3976 Text
634 3927 805 3991 stand.

452 3994 727 4058 artificiose
752 3996 951 4060 digesta
967 3997 1274 4061 generatim,
1293 3996 1347 4045 in
1368 4010 1452 4060 sy-

386 4060 736 4111 stematischer
747 4061 989 4129 Ordnung
1016 4064 1121 4113 und
1145 4061 1416 4114 Gliederun

386 4135 536 4178 unter
567 4127 1020 4192 Hauptabschnitte
1045 4129 1197 4195 (oder
1232 4131 1424 4198 Capitel

388 4195 911 4247 zusammenstellten.
960 4195 992 4262 S
1020 4195 1136 4248 146.
1165 4196 1279 4248 190.

1618 2708 1690 2759 ad
1710 2711 1874 2758 artem
1893 2705 2088 2772 redigi,
2113 2704 2165 2753 in
2191 2704 2272 2754 ein
2298 2702 2502 2770 System
2524 2719 2618 2770 ge-

1552 2774 1729 2826 bracht
1752 2774 1976 2824 werden.

1616 2844 1755 2893 illam
1783 2844 2072 2900 seientiam,
2107 2840 2193 2891 die
2224 2839 2616 2891 wissenschai'tl.

1553 2909 1824 2975 Fahigkeit
1848 2910 1940 2960 der
1962 2908 2144 2974 Logik.

1618 2978 1713 3038 42,
1740 2985 1831 3027 187.
1878 2980 2141 3040 conclusa,
2185 2975 2543 3041 systematisoh
2568 2976 2621 3025 in

1552 3046 1662 3096 eins
1705 3043 2215 3109 zusammengefasst.
2286 3044 2484 3095 numeri
2517 3051 2619 3094 etc.

1551 3114 1709 3173 Takt,
1742 3114 1909 3173 Time,
1945 3112 2248 3162 Melodieen.
2320 3113 2622 3163 lineamenta

1552 3191 1647 3232 etc.
1692 3180 1950 3243 Umrisse‚
1993 3181 2241 3245 Fignren,
2279 3180 2480 3230 Raum-
2514 3180 2622 3230 und

1549 3247 2145 3383 §irfgsenverhaltnissel
2191 3249 2243 3298 in
2263 3249 2621 3313 grammaticis,

1555 3392 1883 3517 (1ὶὲθῖῗῖιὲςῖ
1868 3385 2208 3502 ιιυίἶῖῗιῗιῗέΐ
2218 3398 2302 3500 ἒῑὲ
2306 3385 2622 3502 ιῗιοξιῗηὲιξῖιῗ

1555 3521 1742 3571 wieder
1758 3519 1899 3571 nicht
1920 3519 2246 3585 (videbantur
2268 3516 2487 3584 ignota),
2509 3519 2622 3570 weil

1555 3588 1709 3640 ihnen
1733 3589 1826 3639 das
1850 3588 2165 3639 Bewustsein
2189 3600 2291 3637 von
2315 3587 2407 3637 der
2425 3588 2623 3651 cigent-

1556 3655 1725 3707 lichen
1759 3655 2062 3721 Bedeutung
2093 3655 2261 3705 dieser
2302 3654 2420 3705 i‘iinf
2447 3654 2624 3705 Theile

1557 3725 1664 3775 und
1696 3738 1798 3774 von
1834 3723 1969 3773 ihrer
1992 3723 2625 3789 Zusammengehiirigkeit

1554 3791 1728 3843 fehlte.
1800 3788 1831 3858 S
1871 3790 1936 3841 14
1981 3792 2136 3842 totius
2181 3791 2393 3842 rationis
2440 3790 2622 3857 ignari.

1555 3861 1675 3913 Tac.
1700 3859 1821 3910 dial.
1860 3859 1924 3909 de
1949 3873 2022 3909 or.
2060 3856 2124 3909 19
2160 3869 2304 3909 erant
2335 3860 2471 3909 enim
2498 3858 2624 3908 haec

1555 3925 1801 3995 (niimlich
1855 3927 2221 3993 principiorum
2286 3926 2622 3993 praeparatio,

1556 3995 1858 4046 narrationis
1877 3992 2052 4056 series,
2072 4005 2483 4059 argumentorum
2503 4009 2623 4060 gra-

1556 4064 1680 4123 dus,
1704 4061 1992 4129 iiberhaupt
2015 4062 2265 4126 quidquid
2280 4063 2621 4128 Hermagorae

1557 4130 1700 4181 libris
1732 4130 2069 4197 praecipitur)
2104 4144 2238 4181 nova
2272 4137 2324 4179 et
2355 4131 2622 4195 incognita

1556 4207 1607 4249 et
1639 4199 1868 4265 ipsorum
1902 4212 2106 4264 quoque
2128 4204 2385 4249 oratorum
2407 4198 2615 4265 paucis·
