2930 4693
942 136 1423 199 ERKLKRENDE
1468 152 1779 203 mmcss,
1848 129 1853 138 ’
2355 149 2477 214 383

304 306 476 373 ‘poeta
509 307 714 371 quidem
748 305 989 358 divinus)
1052 307 1223 369 Quint.
1258 308 1309 358 X

309 373 355 436 1,
380 383 431 425 68
454 375 679 440 gravitas
705 384 755 424 et
779 374 1057 426 cothurnus
1082 385 1133 426 et
1149 392 1309 427 sonus

304 441 573 506 Sophoclis
618 443 885 493 sublimior
930 440 1112 508 (quam
1158 445 1310 495 Euri-

301 510 479 576 pidis).

369 575 672 645 Euripides
692 579 810 643 geb.
846 578 917 628 im
940 580 991 631 J.
1014 576 1142 643 480,
1176 589 1309 645 gest.

301 644 422 708 406,
459 647 627 707 Quint.
655 647 706 697 X
733 647 787 708 1,
830 655 881 697 68
914 648 1079 713 magis
1113 649 1309 698 accedit

301 717 536 767 oraturio
560 716 733 780 generi
758 724 807 764 et
830 716 1095 766 sententiis
1115 716 1307 767 densus

301 791 352 832 et
375 785 426 833 in
455 784 529 833 eis
555 798 686 848 quae
710 797 741 832 a
767 784 1086 849 sapientibus
1121 785 1308 835 tradita

300 862 424 901 sunt
446 865 580 917 pane
604 852 734 917 ipsis
767 864 886 915 par,
922 858 972 901 et
1006 852 1221 903 dicendo
1246 867 1308 902 ac

298 919 656 985 respondendo
703 919 908 970 cuilibet
963 934 1160 980 eorum,
1220 922 1304 983 qui

298 987 507 1037 fuerunt
531 987 582 1037 in
617 987 727 1037 foro
762 987 964 1051 diserti,
1002 1003 1303 1054 comparan-

299 1056 426 1115 dus3
446 1057 498 1105 in
518 1056 789 1120 affectibus
809 1070 928 1105 vero
939 1070 1057 1105 cum
1073 1059 1308 1107 omnibus

297 1125 485 1184 mirus,
521 1133 630 1174 tum
652 1124 704 1173 in
729 1124 831 1187 eis,
871 1124 956 1187 qui
981 1126 1308 1175 miseratione

299 1201 551 1255 constant,
577 1191 734 1244 facile
750 1192 1083 1258 praecipuus.

639 1261 891 1310 Latini:

367 1325 609 1393 Ennius,
635 1327 937 1390 Pacuvius,
970 1325 1202 1393 Accius,
1229 1327 1300 1396 (s.

293 1394 452 1460 ind.).
480 1395 562 1447 Or.
595 1396 675 1460 11,
702 1405 754 1447 36
775 1396 947 1448 Ennio
972 1397 1211 1457 delector,
1236 1400 1306 1448 ait

296 1465 575 1530 quispiam,
602 1464 740 1527 quod
757 1478 855 1514 non
878 1465 1094 1515 discedit
1113 1481 1142 1516 a
1162 1482 1304 1516 com-

291 1534 440 1583 muni
462 1534 729 1583 verborum
754 1547 920 1593 more;
956 1535 1197 1593 Pacuvio,
1223 1536 1301 1584 in-

294 1602 408 1665 quit
429 1600 578 1664 alius,
607 1615 783 1651 omnes
807 1602 947 1667 apud
970 1600 1107 1651 hunc
1132 1605 1307 1654 ornati

291 1670 644 1735 elaboratique
652 1676 771 1720 sunt
779 1681 969 1729 versus,
990 1670 1148 1720 multa
1165 1672 1302 1736 apud

291 1737 512 1788 alterum
536 1738 639 1801 (sc.
657 1735 903 1803 Ennium)
923 1739 1301 1803 neglegentium

292 1806 377 1855 fac
410 1805 565 1855 alium
598 1805 790 1864 Accio,-
831 1807 971 1856 varia
1014 1807 1148 1855 enim
1182 1815 1303 1856 sunt

290 1873 497 1935 iudicia,
525 1874 650 1923 utin
669 1872 891 1933 Graecis,
919 1889 1010 1924 uec
1029 1873 1190 1925 facilis
1210 1890 1300 1924 ex-

291 1941 530 2007 plicatio,
574 1958 705 2008 quae
742 1942 912 2007 forma
950 1943 1166 1993 macm‘me
1209 1959 1303 1996 εω-

293 2012 464 2062 cellat.
525 2010 697 2070 Quint.
724 2011 775 2060 X
813 2010 867 2073 1,
904 2019 956 2061 97
986 2011 1302 2075 Tragoediae

292 2079 571 2144 scriptores
597 2088 822 2128 veterum
848 2078 1040 2129 Accius
1063 2086 1114 2127 et
1136 2080 1305 2130 Pacu-

290 2148 404 2197 vius
442 2146 710 2196 clarissimi
742 2147 989 2212 gravitate
1021 2149 1298 2197 sententia-

291 2230 426 2276 rum,
450 2215 721 2264 verborum
740 2215 982 2281 pondere,
1001 2217 1300 2266 auctoritate

287 2297 641 2349 personarum.
681 2282 910 2334 Ceterum
937 2285 1070 2333 nitor
1094 2290 1143 2333 et
1161 2299 1302 2334 sum-

287 2367 374 2401 ma
409 2353 460 2401 in
499 2353 794 2402 excolendis
834 2354 1073 2418 operibus
1117 2368 1297 2403 manus

288 2421 455 2485 magis
513 2420 676 2469 videri
744 2429 913 2486 potest
978 2423 1297 2486 temporibus

288 2503 444 2553 quam
467 2489 595 2554 ipsis
614 2487 857 2539 defuisse.
911 2489 1107 2539 Vir-ium
1126 2499 1295 2539 tamen

290 2557 454 2608 Accio
478 2557 594 2623 plus
629 2558 889 2615 tribuitur;
925 2558 1198 2608 Pacuvium
1221 2559 1293 2606 vi-

287 2625 399 2675 deri
424 2625 716 2687 doctiorem,
743 2625 831 2687 qui
855 2640 969 2675 esse
989 2625 1120 2675 docti
1141 2626 1297 2674 affec-

289 2704 420 2756 tant,
444 2693 640 2742 volunt.
690 2693 814 2744 Hor.
839 2708 919 2759 ep.
947 2695 993 2743 ΙΙ
1020 2692 1067 2756 1,
1095 2702 1159 2747 56.
1184 2720 1253 2729 --

286 2760 656 2812 Trinummus
681 2763 727 2811 ΙΙ
755 2760 835 2823 10,
858 2770 924 2812 39.

290 2829 362 2896 Q.
386 2826 581 2879 Aelius
608 2828 839 2880 Tubero
874 2832 920 2880 II
953 2827 1045 2887 84,
1081 2837 1175 2881 341.
1224 2831 1294 2879 111

211 2897 302 2961 23,
328 2907 397 2947 87.
421 2898 562 2947 Brut.
589 2897 673 2960 31,
700 2906 774 2948 117
803 2898 867 2947 Et
892 2898 1132 2962 quoniam
1154 2898 1293 2949 Stoi·

211 2983 390 3018 corum
414 2976 493 3015 est
515 2965 647 3015 facta
670 2966 878 3030 mentio,
904 2966 965 3026 Q.
991 2966 1167 3016 Aelius
1191 2967 1293 3016 Tu·

213 3036 342 3085 bero
389 3033 484 3083 fuit
532 3034 618 3084 illo
666 3041 894 3101 tempore
942 3034 1059 3100 (der
1102 3035 1290 3084 beiden

97 3140 106 3147 .
212 3100 502 3165 Gracchen)
521 3102 580 3155 L.
596 3102 760 3152 Paulli
787 3117 943 3168 nepos
969 3102 1050 3167 (er
1073 3117 1178 3153 war
1200 3103 1291 3153 der

213 3169 358 3222 Sobn
384 3170 476 3219 der
499 3171 740 3233 Aemilia,
766 3171 857 3221 der
881 3169 1170 3220 Schwester
1194 3172 1287 3221 des

204 3240 432 3304 jiingern
453 3237 657 3304 Scipio)
681 3238 817 3287 nullo
833 3239 887 3287 in
912 3246 1166 3288 oratorum
1192 3254 1285 3288 nu·

209 3320 382 3366 merc,
418 3306 512 3356 sed
543 3307 650 3356 vita
682 3321 890 3357 severus
925 3314 976 3355 et
999 3320 1285 3371 congruens

210 3390 333 3425 cum
392 3389 452 3423 ea
508 3373 804 3441 disciplina,
862 3389 1014 3438 quam
1072 3375 1285 3438 colebat,

208 3442 386 3510 paullo
400 3442 552 3493 etiam
562 3443 737 3493 durior
756 3441 838 3507 (er
855 3452 959 3492 war
978 3443 1057 3492 ein
1073 3441 1286 3493 Schiiler

210 3512 307 3562 des
341 3509 635 3575 Panfitius);
685 3519 741 3561 ut
771 3511 903 3571 vita,
952 3511 1027 3560 sic
1059 3512 1286 3561 oratione

210 3580 374 3630 durus
407 3579 625 3629 incultus
656 3578 908 3630 horridae.
968 3579 1083 3629 Fuit
1113 3588 1283 3629 autem

208 3657 455 3698 constans
478 3648 605 3698 civis
642 3657 690 3696 et
722 3646 869 3697 fortis
896 3655 944 3697 et
968 3648 1200 3713 inprimis
1227 3648 1282 3699 G.

210 3714 713 3774 Gracchomolestus,
730 3715 1284 3777 quodindicatGracchi

209 3785 264 3834 in
290 3798 409 3832 enm
421 3784 598 3833 oratio,
626 3783 755 3833 Sunt
766 3784 917 3834 etiam
935 3784 988 3832 in
1001 3780 1281 3834 Gracchum

209 3851 497 3903 Tuberonis
510 3867 524 3911 ;
537 3851 582 3902 is
597 3851 692 3901 fuit
703 3852 968 3901 mediocris
979 3853 1029 3901 in
1044 3852 1275 3916 diceud0‚

208 3921 530 3972 doctissimus
569 3921 623 3970 in
661 3922 969 3985 disputando
1010 3917 1088 3986 (in
1125 3920 1280 3985 Folge

210 3989 304 4041 des
340 3987 550 4054 eifrigen
589 3987 852 4039 Studiums
893 3990 983 4051 der
1023 3989 1279 4038 stoischen

206 4055 512 4119 Dialektik).
570 4056 740 4109 Valet.
769 4056 901 4106 Max.
929 4058 1021 4107 VII
1045 4057 1103 4118 5,
1140 4065 1161 4105 1
1185 4072 1278 4122 pro

209 4125 408 4175 Muren.
457 4123 540 4185 36,
566 4134 631 4174 75.
689 4124 782 4175 Die
805 4125 1026 4175 laudatio
1053 4124 1279 4176 funebris

208 4193 305 4245 auf
323 4194 503 4244 seinen
521 4192 868 4243 miitterlichen
890 4193 1063 4246 Oheim
1083 4192 1280 4244 machte

1411 309 1514 359 ihm
1540 311 1727 361 dessen
1760 319 2043 363 vertrauter
2067 314 2270 365 Freund
2297 315 2491 377 Linus,

1411 379 1503 428 der
1524 393 1606 428 am
1628 388 1794 429 ersten
1807 379 2004 446 Scipios
2017 382 2124 432 Lob
2134 384 2490 451 verkfindigen

1410 447 1618 509 konnte,
1638 447 1879 499 wabrend
1898 449 1990 499 der
2007 451 2249 501 trockene
2271 452 2488 515 Stoiker,

1412 515 1503 564 der
1524 516 1599 586 als
1636 516 1871 567 nachster
1892 518 2225 568 Verwandter
2261 520 2348 570 die
2381 521 2489 571 lau-

1414 583 1549 633 datio
1577 583 1803 635 funebris
1840 601 1905 635 zu
1939 585 2112 636 halten
2148 586 2316 651 hatte,
2355 589 2489 640 dazu

1364 670 1369 684 ·
1411 650 1550 701 nicht
1573 653 1642 701 im
1668 651 1858 703 Staude
1882 665 2001 704 war.

1479 718 1864 772 Tusculanum
1894 724 1913 770 l
1940 722 2022 784 52,
2050 731 2156 786 2243
2184 722 2289 786 (62,
2316 723 2432 789 265).

1478 786 1735 839 'ruscum'
1755 804 1896 838 mare
1923 791 1991 841 111
2020 789 2101 855 19,
2127 799 2194 842 69.

1480 854 1669 907 Tutor
1693 859 1738 907 ΙΙ
1762 857 1848 921 64,
1874 867 1966 909 259.

1479 922 1847 991 Tyndaridae
1873 928 1917 977 11
1942 925 2026 990 86,
2053 936 2132 978 352
2156 928 2238 978 die
2262 928 2483 980 Diosku-

1412 1007 1501 1041 ren
1528 991 1708 1043 Castor
1731 1011 1782 1044 u.
1808 995 2009 1060 Pollux,
2038 994 2210 1047 Sohne
2233 997 2324 1047 des
2348 998 2485 1063 Tyn·-

1412 1060 1598 1112 dareus
1622 1078 1676 1111 u.
1702 1062 1792 1128 der
1816 1063 1970 1116 Leda.

1915 1234 1987 1296 V.

1481 1366 1739 1421 Valerius
1782 1370 1853 1419 111
1894 1368 1988 1430 23,
2029 1379 2106 1430 86,
2155 1381 2301 1421 sonst
2348 1372 2484 1422 nicht

1412 1437 1583 1486 weiter
1607 1437 1851 1487 bekannt.

1475 1503 1725 1573 Vargula
1750 1503 1913 1565 1160,
1949 1515 2025 1557 244
2062 1507 2166 1557 und
2199 1516 2304 1570 247,
2340 1515 2485 1559 sonst

1405 1571 1546 1623 nicht
1568 1574 1740 1623 weiter
1763 1575 2006 1626 bekannt.

1476 1640 1546 1705 Q.
1573 1639 1795 1701 Varius,
1820 1642 1950 1693 Einl.
1976 1644 1998 1692 1
2022 1641 2054 1707 S
2082 1643 2162 1705 ll,
2192 1653 2284 1695 130.

1470 1708 1537 1760 P.
1565 1706 1818 1761 Licinius
1845 1710 2024 1762 Varus
2061 1714 2106 1761 11
2149 1710 2242 1774 61,
2267 1723 2345 1763 256
2379 1728 2483 1763 war

1402 1777 1473 1826 im
1500 1779 1551 1828 2.
1587 1777 1871 1842 punischen
1895 1779 2049 1844 Krieg
2082 1782 2152 1830 im
2175 1781 2224 1831 J.
2251 1780 2353 1832 210
2380 1782 2478 1833 Cu-

1405 1846 1591 1896 ruliidil
1616 1846 1706 1896 mit
1727 1845 1786 1895 L.
1814 1847 2055 1899 Veturius
2079 1848 2211 1908 (Liv.
2233 1849 2317 1910 27,
2341 1847 2402 1914 6)
2428 1866 2479 1899 u.

1404 1911 1437 1963 2
1462 1912 1619 1964 Jahre
1645 1914 1830 1966 darauf
1847 1915 2027 1965 Prator
2049 1915 2203 1979 (ibid.
2230 1916 2340 1980 22).

1475 1980 1539 2033 C.
1566 1980 1814 2034 Velleius
1841 1984 1911 2034 111
1935 1983 1998 2033 21
2016 2023 2029 2043 ,
2066 1993 2117 2034 78
2141 1984 2481 2036 wahrschein·

1403 2049 1505 2099 lich
1527 2066 1622 2101 aus
1648 2051 1951 2110 Lanuvium,
1981 2053 2310 2103 Volkstribun
2337 2054 2407 2103 im
2429 2055 2478 2105 J.

1401 2116 1472 2167 90
1495 2135 1546 2171 v.
1573 2118 1691 2182 Ch„
1728 2121 1834 2183 galt
1866 2119 1948 2169 fiir
1981 2121 2129 2170 einen
2165 2121 2255 2171 der
2287 2137 2475 2186 ausge-

1405 2185 1751 2236 zeichnetsten
1799 2187 2055 2237 Vertreter
2102 2188 2193 2238 der
2240 2189 2433 2254 epiku
2450 2219 2475 2228 -

1402 2254 1696 2304 reischen
1722 2253 2050 2321 Philosophie
2073 2267 2221 2306 unter
2246 2257 2347 2307 den
2371 2259 2474 2309 Ριὸ-

1401 2337 1571 2382 mern,
1607 2322 1830 2374 weshalb
1864 2322 1948 2374 ihn
1978 2322 2153 2375 Cicero
2190 2332 2338 2376 unter
2374 2326 2471 2377 den

1399 2392 1659 2441 Personen
1685 2393 1852 2442 seiner
1877 2391 2067 2443 Schrift
2089 2393 2154 2443 de
2179 2400 2359 2444 natura
2384 2395 2475 2444 de-

1399 2473 1543 2509 orum
1570 2460 1636 2508 im
1665 2459 1711 2509 l.
1738 2459 1794 2510 B.
1832 2461 1961 2509 eben
1993 2461 2070 2511 als
2096 2460 2345 2526 Sprecher
2383 2462 2475 2512 der

1401 2527 1788 2592 cpikureischen
1815 2527 2000 2578 Schule
2039 2529 2292 2579 auftreten
2325 2530 2469 2580 lasst.

1399 2596 1462 2644 de
1488 2604 1591 2645 nat.
1618 2596 1758 2646 deor.
1785 2598 1806 2645 1
1832 2594 1892 2655 6,
1929 2605 1979 2645 15
2002 2597 2194 2646 offendi
2218 2596 2473 2663 (Cottam)

1399 2663 1662 2713 sedentem
1688 2664 1739 2712 iu
1766 2664 1955 2714 exedra
1979 2674 2028 2714 et
2050 2680 2168 2715 cum
2196 2665 2252 2716 C.
2277 2665 2471 2716 Velleio

1400 2738 1635 2781 senatore
1669 2733 2041 2797 disputantem,
2078 2733 2145 2783 ad
2178 2749 2329 2796 quem
2364 2745 2471 2784 tum

1396 2799 1636 2865 Epicurei
1656 2801 1847 2864 primas
1871 2815 1939 2850 ex
1962 2804 2153 2852 nostris
2176 2800 2469 2853 hominibus

1396 2867 1712 2918 deferebant.

1465 2935 1538 3000 Q.
1563 2933 1825 2988 Velocius
1850 2938 1920 2987 111
1943 2935 2039 2998 23,
2064 2946 2139 2998 86,
2163 2946 2310 2991 sonst
2334 2937 2472 2988 nieht

1393 3004 1569 3054 weiter
1593 3006 1837 3057 bekannt.

1461 3070 1741 3140 Vigellius
1775 3074 1845 3123 111
1879 3072 1973 3136 21,
2018 3082 2069 3123 78
2100 3072 2341 3136 (Schiiler
2374 3074 2466 3124 des

1390 3139 1683 3205 Panatius),
1709 3150 1854 3191 sonst
1874 3140 2011 3190 nicht
2034 3142 2205 3191 weiter
2221 3142 2466 3192 bekannt.

1888 3311 1960 3372 X.

1455 3445 1802 3496 Xenocrates
1827 3446 1895 3494 111
1923 3445 1986 3496 17
2002 3481 2016 3505 ,
2040 3454 2119 3507 62;
2147 3443 2228 3508 18,
2252 3454 2316 3505 67,
2340 3448 2461 3511 geb.

1389 3511 1492 3565 396
1516 3529 1565 3563 v.
1595 3513 1716 3564 Cbr.
1742 3528 1808 3564 zu
1832 3511 2147 3575 Chalcedon,
2171 3522 2303 3579 gest.
2330 3512 2459 3578 3143

1386 3590 1486 3632 trat
1510 3580 1605 3632 auf
1623 3582 1724 3631 den
1747 3579 1981 3631 Wunsch
2016 3581 2110 3632 des
2136 3582 2459 3649 Speusippus

1387 3649 1521 3700 noch
1548 3650 1627 3699 bei
1651 3650 1835 3699 dessen
1860 3648 2135 3700 chzeiten
2169 3651 2245 3700 als
2271 3652 2458 3701 dessen

1384 3717 1689 3783 Nachsolgcr
1711 3718 1780 3766 im
1803 3716 2043 3767 Lehramt
2067 3718 2157 3768 der
2175 3718 2458 3768 Akademie

1386 3787 1494 3847 ein,
1531 3786 1624 3835 das
1661 3801 1715 3834 er
1747 3784 1815 3835 25
1837 3785 1990 3835 Jahre
2013 3785 2134 3852 lang
2168 3786 2455 3836 verwaltete

1383 3851 1452 3919 (s,
1482 3853 1808 3915 Academia),
1830 3854 2204 3904 ‘severissimus
2226 3853 2455 3920 philoso-

1418 3919 1638 3981 horum,'
1674 3936 1731 3972 so
1758 3922 1879 3972 dass
1904 3923 2013 3971 sein
2038 3923 2273 3972 Wortan
2299 3922 2452 3973 Eides

1381 3938 1514 4040 gtatt
1536 3989 1657 4054 galt.
1708 3990 1863 4040 Acad.
1894 3991 1937 4039 11
1963 3988 2046 4051 46,
2074 3999 2146 4040 143
2170 3992 2313 4040 cuius
2338 3990 2451 4040 libri

1381 4066 1503 4108 sunt
1526 4059 1589 4108 de
1612 4059 1813 4109 ratione
1837 4059 2076 4125 loquendi
2096 4058 2240 4108 multi
2260 4067 2309 4107 et
2325 4059 2451 4109 mul-

1381 4133 1489 4176 tum
1513 4127 1732 4192 probati.

1449 4193 1762 4261 Xenophon
1788 4196 1832 4246 II
1860 4194 1940 4257 14,
1965 4202 2033 4249 58.
2060 4196 2125 4246 111
2154 4193 2236 4258 34,
2263 4204 2338 4246 139
2362 4196 2451 4245 der
