2930 4693
468 199 592 264 322

531 363 813 419 Albanum
845 367 892 417 11
916 364 1000 431 55,
1024 374 1117 418 224.

532 431 803 487 Albucius
839 435 886 485 11
918 434 1016 496 70,
1047 443 1154 499 ποις
1191 436 1259 486 111
1292 434 1387 498 43,
1423 445 1525 499 1⁷13

465 503 596 554 Eiul.
632 504 655 553 I
699 500 849 570 314,
899 511 974 554 166
1008 502 1092 562 ff.;
1141 503 1282 554 Brut.
1319 502 1413 567 35,
1450 513 1525 556 131

463 571 651 623 Doctus
675 572 825 621 etiam
849 568 1056 621 Graecis
1079 572 1136 621 T.
1165 571 1410 623 Albucius
1443 573 1526 622 vel

462 640 633 706 potius
657 652 821 704 paene
842 639 1080 693 Graecus.
1117 639 1181 689 de
1203 640 1293 691 fin.
1317 642 1340 692 1
1364 639 1414 702 3,
1437 649 1464 691 8
1488 640 1527 691 f.

464 708 564 758 nisi
596 708 683 772 qui
717 722 776 758 se
810 707 962 771 plane
985 704 1232 758 Graecum
1260 708 1361 758 dici
1382 708 1524 772 velit,

461 785 517 826 ut
547 791 580 826 a
612 774 858 826 Scaevola
891 785 970 826 est
1004 784 1238 842 praetore
1274 776 1526 828 salutatus

463 842 674 894 Athenis
698 843 969 895 Albucius.
1028 844 1190 904 Quem
1215 845 1423 907 quidem
1446 845 1525 895 lo·

461 927 575 964 cum
595 926 711 962 cum
728 912 890 962 multa
906 920 1176 962 venustate
1193 922 1243 962 et
1261 913 1396 963 omni
1416 913 1528 963 sale

460 981 595 1030 idem
619 979 871 1032 Lucilius:
909 980 1048 1046 apud
1082 995 1231 1044 quem
1264 980 1526 1047 praeclare

462 1048 734 1100 Scaevolaz

517 1115 763 1167 Graecum
782 1125 850 1178 te,
860 1114 1063 1178 Albuci,
1075 1131 1226 1181 quam
1238 1118 1523 1169 Romanum

967 1195 1120 1247 atque
1144 1184 1396 1237 Sabinum
1420 1214 1484 1223 -

528 1251 750 1303 Maluisti
785 1250 902 1302 dici.
959 1250 1152 1302 Graece
1175 1268 1298 1319 ergo
1322 1263 1525 1321 praetor

966 1319 1199 1384 Athenis,

528 1388 586 1438 Id
620 1387 758 1452 quod
792 1387 1044 1448 maluisti,
1092 1398 1143 1439 te
1191 1405 1308 1440 cum
1343 1391 1409 1440 ad
1443 1406 1526 1441 me

963 1457 1183 1520 accedis,
1209 1458 1402 1509 saluto:

525 1523 727 1590 Χαῖρε,
747 1525 974 1590 inquam,
987 1525 1115 1587 Tite,
1130 1526 1346 1584 lictores,
1358 1534 1526 1577 turma

971 1594 1159 1657 omnis,
1185 1593 1469 1660 cohorsque

525 1660 728 1727 Χαῖρε,
754 1661 881 1713 Tite.
927 1662 1057 1712 Hinc
1082 1660 1245 1713 hostis
1269 1663 1337 1713 mi
1363 1664 1525 1714 Albu-

963 1730 1072 1782 cius
1089 1766 1103 1791 ,
1125 1728 1243 1780 hinc
1268 1732 1522 1783 inimicus.

459 1797 560 1849 Sed
585 1798 694 1847 iure
711 1797 925 1848 Mucius.
961 1798 1069 1863 Ego
1093 1805 1268 1848 autem
1290 1801 1414 1849 satis
1430 1802 1525 1850 mi-

457 1867 556 1915 rari
582 1881 683 1915 non
709 1880 856 1928 queo,
885 1866 1019 1915 unde
1042 1864 1140 1916 hoc
1163 1866 1231 1916 sit
1252 1875 1354 1917 tam
1379 1869 1522 1919 inso-

455 1935 566 1998 lens
603 1933 991 1982 domesticarum
1038 1949 1203 1983 rerum
1238 1934 1519 1988 fastidium.

457 2001 682 2051 Lucilius
705 1998 846 2050 hatte
867 2001 976 2051 also
1002 2001 1055 2050 in
1081 2003 1221 2052 einer
1239 2004 1407 2053 seiner
1426 2004 1520 2055 Sa·-

456 2071 581 2120 tiren
608 2084 672 2118 an
697 2069 786 2118 der
809 2069 945 2119 dazu
973 2070 1253 2120 besonders
1276 2074 1524 2138 geeigne-

457 2148 540 2187 teu
575 2136 765 2187 Person
802 2137 893 2187 des
928 2137 1178 2188 Albucius
1210 2139 1295 2189 die
1330 2138 1519 2191 Graco·

457 2206 622 2256 manie
659 2205 915 2255 einzelner
949 2206 1117 2257 seiner
1154 2207 1520 2274 Zeitgenossen

456 2274 747 2339 gegeisselt.

523 2339 849 2394 Alcibiades
896 2342 1061 2406 1122,
1097 2352 1175 2405 93;
1213 2346 1283 2396 ΠΙ
1308 2342 1406 2408 34,
1446 2354 1520 2396 139

457 2410 705 2462 educatus
730 2419 809 2460 est
832 2411 885 2461 iu
909 2412 1060 2462 domo
1085 2412 1265 2463 Pericli
1289 2415 1521 2465 eruditus

456 2497 490 2529 a
513 2479 731 2531 Socrate
754 2477 933 2543 (Corn.
960 2479 1088 2545 Nep.
1115 2480 1227 2531 Alc.
1255 2498 1296 2531 c.
1322 2479 1412 2545 2);
1438 2482 1519 2532 di-

455 2555 623 2598 sertus
668 2556 724 2597 ut
766 2548 1002 2614 inprimis
1049 2548 1264 2600 dicendo
1313 2550 1519 2613 valeret,

455 2616 594 2681 quod
616 2623 757 2666 tanta
782 2625 888 2665 erat
912 2618 1283 2669 commendatio
1311 2620 1415 2670 oris
1438 2625 1519 2669 at-

456 2700 554 2747 que
589 2683 857 2747 orationis,
906 2691 965 2734 ut
1009 2699 1158 2736 nemo
1207 2686 1253 2736 ei
1300 2686 1518 2737 dicendo

457 2760 631 2818 posset
654 2753 889 2802 resistere
913 2751 1062 2816 (ibid.
1084 2770 1129 2804 c.
1150 2751 1210 2820 1)
1235 2753 1375 2805 Brut.
1397 2752 1450 2819 9,
1471 2764 1521 2805 29

457 2822 546 2870 mit
565 2821 740 2871 Critias
765 2819 1168 2872 u.Theramenes
1194 2837 1520 2872 zusammen-

455 2888 685 2952 gestellt:
721 2888 904 2949 quibus
937 2890 1253 2955 temporibus
1279 2891 1416 2953 quod
1439 2891 1518 2941 di-

455 2956 604 3005 cendi
637 2970 800 3020 genus
833 2956 1078 3020 viguerit,
1117 2971 1183 3007 ex
1207 2956 1522 3023 Thucydidis

456 3023 687 3089 scriptis,
725 3023 812 3085 qui
846 3023 962 3090 ipse
993 3032 1102 3073 tum
1125 3024 1247 3086 fuit,
1295 3027 1522 3091 intellegi

457 3092 677 3141 maxime
694 3098 880 3156 potest.
919 3091 1154 3143 Grandes
1171 3101 1321 3144 erant
1336 3094 1530 3154 verbis,

457 3160 628 3211 crebri
672 3161 968 3220 sententiis,
1014 3162 1386 3227 compressione
1433 3179 1522 3213 re-

454 3245 565 3280 rum
599 3229 777 3280 breves
813 3235 862 3277 et
887 3229 951 3278 ob
977 3243 1088 3278 eam
1121 3230 1288 3297 ipsam
1313 3245 1527 3289 causam¹

458 3298 712 3348 interdum
737 3298 1056 3352 subobscuri.

522 3399 838 3453 Alexander
870 3398 1026 3463 1184,
1050 3399 1362 3462 341311135,
1390 3408 1484 3451 141.

521 3487 891 3556 Anaxagoras
917 3486 986 3536 111
1007 3485 1089 3549 15,
1111 3495 1184 3546 563
1205 3485 1288 3547 34,
1311 3492 1384 3536 138
1400 3487 1518 3551 geb.

458 3572 522 3605 zu
545 3556 855 3605 Klazomenii
885 3554 938 3603 in
961 3553 1160 3620 Lydien
1193 3553 1296 3605 496
1328 3568 1378 3603 v.
1408 3552 1519 3616 Ch„

457 3623 637 3689 gehort
657 3621 945 3685 zwarnoch,
958 3623 1054 3671 wie
1064 3623 1175 3673 sein
1188 3623 1519 3687 Zeitgenosse

457 3693 733 3754 Democrit,
773 3706 836 3740 zu
861 3690 961 3740 den
988 3690 1253 3741 ionischen
1278 3688 1519 3756 (Natur-)

456 3758 800 3826 Philosophen
837 3756 1161 3824 (physicus),
1208 3759 1367 3824 gieng
1398 3758 1521 3808 aber

457 3829 643 3879 bereits
697 3826 987 3877 bedeutend
1031 3828 1230 3888 weiter,
1290 3825 1519 3876 dadurch

458 3899 577 3948 dass
615 3911 668 3955 er
702 3894 787 3945 die
821 3904 953 3945 erste
986 3894 1278 3961 Bewegung
1313 3896 1404 3945 der
1424 3893 1518 3945 Ur-

458 3966 641 4030 kiirper
674 3962 811 4014 nicht
843 3977 944 4013 von
969 3962 1146 4013 diesen
1178 3963 1363 4023 selbst‚
1399 3977 1520 4013 son-

458 4034 583 4083 dern
616 4047 721 4083 von
756 4032 924 4082 einem
968 4031 1083 4081 dem
1119 4029 1335 4081 Stot'fe
1381 4040 1523 4080 ent-

458 4106 1022 4165 gegengesetzten
1150 4098 1524 4150 ordnenden

459 4167 502 4215 G
515 4169 604 4217 eis
617 4174 638 4216 t
649 4182 677 4215 e
701 4164 865 4231 (νοῦς
883 4163 1236 4231 διακοσμῶν)
1260 4166 1525 4231 ausgehen

461 4235 600 4283 liess.
641 4232 782 4283 Nach
804 4233 1091 4285 vielfachen
1116 4234 1303 4285 Reisen
1326 4234 1446 4285 kam
1472 4250 1527 4284 er

1169 195 1649 260 naumann
1688 208 1995 298 inmens.

1625 383 1715 420 um
1735 366 1840 420 450
1862 383 1911 421 v.
1938 367 2030 419 Ch.
2056 368 2187 419 nach
2209 366 2396 433 Athen,
2431 382 2512 418 wo
2536 382 2593 418 er
2614 369 2693 421 als

1627 435 1818 487 Lebrer
1839 452 1893 487 u.
1919 436 2122 488 Freuud
2153 436 2247 487 des
2270 435 2498 487 Perikles
2522 452 2575 486 u.
2602 453 2696 487 an-

1629 505 1774 555 derer
1796 504 2138 555 bedentender
2154 505 2366 556 Minuer-
2385 505 2439 555 in
2457 518 2692 570 grossem

1627 572 1839 623 Ansehn
1864 572 2033 624 stand.
2056 573 2124 624 Er
2141 574 2281 624 starb
2304 572 2695 639 zuLampsacus

1627 642 1697 691 im
1720 642 1769 695 J.
1793 638 1913 692 430.
1962 640 2102 691 Brut.
2128 640 2209 700 11,
2234 648 2286 691 44
2319 638 2385 704 (s.
2417 641 2524 692 iud.
2548 641 2694 691 Peri·

1629 709 1781 773 cles).
1819 708 1901 760 Or.
1928 710 1989 771 4,
2026 718 2076 759 15
2112 724 2203 758 nec
2236 709 2388 759 latius
2412 723 2578 773 neque
2603 723 2695 759 co-

1627 778 1823 843 piosius
1871 776 1935 826 de
2231 778 2489 843 variaque
2540 778 2697 829 rebus

1628 846 1740 897 sine
1765 844 2088 911 philosophia
2121 852 2293 912 potest
2316 843 2594 910 quisquam
2612 846 2693 895 di-

1627 928 1766 976 cere,
1794 914 1841 964 si
1864 912 2069 977 quidem
2094 914 2246 963 etiam
2269 913 2322 962 in
2346 911 2549 963 Phfidro
2574 913 2693 963 Pla—

1624 983 1759 1033 tonis
1782 979 1858 1049 (p.
1883 979 1985 1031 269
2007 981 2067 1032 Ε.
2093 979 2159 1045 f.)
2183 980 2279 1030 hoc
2296 980 2518 1032 Pericles
2541 997 2692 1048 prse-

1626 1051 1818 1102 stitisse
1842 1050 2023 1099 ceteris
2048 1049 2172 1099 dicit
2194 1049 2479 1100 oratoribus
2506 1047 2693 1100 Socra-

1625 1129 1719 1178 tes,
1740 1118 1880 1182 quod
1895 1118 1939 1168 is
1953 1117 2309 1184 Anaxagorae
2326 1115 2531 1184 physici
2541 1117 2696 1168 fuerit

1625 1187 1852 1245 auditor;
1900 1200 1931 1235 a
1964 1200 2065 1250 quo
2099 1192 2275 1236 censet
2308 1199 2424 1235 eum
2447 1199 2564 1235 cum
2588 1189 2698 1236 alia

1620 1257 1903 1321 praeclara
1928 1255 2176 1321 quaedam
2198 1259 2251 1304 et
2427 1255 2440 1269 ⁹
2473 1269 2539 1304 ca
2562 1254 2696 1304 didi-

1629 1325 1811 1383 cisset,
1860 1323 2068 1373 uberem
2106 1329 2155 1371 et
2189 1321 2468 1372 fecundum
2510 1321 2693 1382 fuisse,

1627 1405 1941 1456 gnarumque
1965 1389 2126 1453 (quod
2145 1399 2223 1440 est
2241 1389 2560 1454 eloquentiae
2580 1406 2695 1440 ma-

1626 1458 1851 1522 ximum)
1876 1458 2058 1521 quibus
2083 1458 2324 1508 orationis
2344 1458 2513 1508 modis
2532 1473 2697 1524 quae-

1625 1542 1730 1593 que
1752 1527 2033 1577 animorum
2056 1523 2227 1592 partes
2249 1526 2574 1593 pellerentur.

1693 1611 2087 1664 Andromacha
2124 1612 2195 1662 ΠΙ
2218 1609 2305 1674 26,
2332 1620 2424 1663 102.

1693 1678 1925 1731 annales
1960 1681 2005 1729 11
2033 1680 2113 1744 12,
2137 1689 2205 1733 52.

1694 1765 1757 1818 L.
1786 1762 2016 1818 Caelius
2049 1763 2183 1818 Anti
2222 1766 2347 1816 ater
2393 1766 2442 1814 11
2476 1764 2572 1829 12,
2607 1774 2691 1825 543

1627 1835 1696 1885 111
1721 1832 1816 1898 38,
1842 1842 1942 1891 1533
1976 1830 2116 1885 Brut.
2141 1834 2173 1883 2
2221 1869 2237 1893 ,
2263 1841 2340 1883 1⁰2
2384 1833 2694 1900 scriptorum

1625 1912 1682 1952 ut
1716 1902 2029 1966 temporibus
2076 1900 2177 1951 illis
2227 1900 2476 1964 (namlioh
2512 1901 2603 1952 der
2638 1902 2691 1951 2.

1625 1969 1794 2020 Ηό1ἶιο
1827 1969 1918 2020 des
1950 1971 2002 2020 2.
2037 1966 2152 2036 Jh.)
2200 1969 2518 2027 luculentus,
2564 1969 2694 2020 iuris

1624 2038 1777 2089 valde
1800 2035 2024 2104 peritus,
2040 2037 2313 2087 multorum
2339 2038 2521 2102 etiam,
2550 2044 2606 2087 ut
2631 2037 2698 2086 L:

1629 2106 1816 2165 Crassi,
1854 2106 2109 2170 magister,
2146 2106 2227 2154 ein
2252 2103 2454 2155 Freund
2480 2106 2573 2156 des
2592 2104 2695 2154 La-

1622 2175 1740 2234 liuS,
1766 2174 1881 2223 dem
1909 2188 1963 2222 er
1986 2175 2128 2229 scine
2153 2171 2553 2224 Geschichte
2576 2172 2693 2223 des

1623 2242 1674 2291 2.
1708 2256 1854 2307 pun.
1890 2241 2163 2307 Krieges
2197 2241 2432 2291 widmete
2467 2239 2580 2306 (Or.
2601 2239 2691 2303 69,

1621 2306 1743 2376 230).
1756 2310 1822 2361 de
1838 2309 2008 2375 legg.1
2028 2309 2078 2373 2,
2097 2318 2121 2360 6
2140 2309 2317 2363 Fannii
2329 2305 2450 2377 (des
2464 2307 2691 2361 Schwie-

1620 2377 1903 2445 gersohnes
1948 2378 2039 2429 des
2074 2376 2275 2445 Lollius)
2322 2385 2493 2429 autem
2540 2379 2694 2429 aetati

1621 2448 1923 2498 coniunctus
1969 2446 2234 2513 Antipater
2272 2449 2452 2512 paullo
2496 2447 2694 2511 inflavit

1621 2516 1971 2575 vehementius,
1994 2513 2274 2578 habuitque
2297 2515 2431 2565 vires
2458 2522 2692 2580 agrestes

1621 2585 1707 2634 ille
1726 2583 1933 2647 quidem
1949 2590 2103 2647 atque
2119 2582 2369 2643 horridas,
2395 2583 2508 2632 sine
2527 2583 2690 2632 nitore

1622 2667 1681 2701 ac
1705 2651 1973 2718 palaestra,
2000 2651 2092 2701 sed
2114 2657 2289 2702 tamen
2312 2651 2586 2701 admonere
2607 2665 2687 2700 re·

1621 2720 1788 2785 liquos
1813 2720 1995 2786 potuit,
2014 2726 2071 2769 ut
2087 2719 2373 2769 accuratius
2392 2719 2691 2769 scriberent.

1622 2789 1808 2838 Fronto
1856 2796 2013 2837 neunt
2055 2786 2141 2837 ihn
2190 2788 2338 2836 einen
2373 2785 2694 2838 Nachahmer

1624 2857 1715 2906 des
1739 2855 1962 2917 Ennius,
2000 2855 2131 2904 nach
2169 2855 2356 2905 (lessen
2380 2854 2477 2905 Stil
2504 2872 2559 2905 er
2582 2853 2691 2905 sich

1623 2925 1845 2989 geblldet
1867 2923 2014 2987 habe,
2037 2924 2135 2972 wie
2159 2939 2212 2972 er
2236 2923 2371 2973 deun
2392 2922 2494 2973 wol
2519 2933 2693 2973 zuerst

1624 2990 1849 3042 wirklich
1884 2992 1977 3040 mit
2010 2992 2203 3056 einiger
2229 2990 2453 3057 Sorgfalt
2475 2991 2569 3042 auf
2589 2992 2690 3041 den

1622 3059 1958 3110 stilistischen
1983 3059 2255 3110 Ausdruck
2286 3059 2514 3122 achtete,
2556 3058 2690 3109 ohne

1618 3127 1804 3192 jedoch
1823 3128 1892 3178 im
1905 3126 2108 3177 Ganzen
2128 3128 2256 3177 iiber
2272 3127 2357 3177 die
2374 3126 2688 3178 Chroniken-

1621 3197 1775 3247 weise
1800 3195 2312 3249 binauszukommen.
2699 3235 2703 3241 ,

1689 3261 1988 3329 Antipater
2032 3278 2125 3313 aus
2163 3263 2322 3315 Sidon
2359 3264 2429 3313 111
2465 3262 2565 3324 50,
2615 3270 2691 3317 194

1623 3334 1704 3382 ein
1727 3331 1915 3399 griech.
1935 3330 2141 3381 Dichter
2163 3347 2251 3382 um
2277 3329 2376 3382 100
2396 3348 2442 3381 ν.
2459 3331 2570 3395 ch„
2591 3346 2691 3381 von

1623 3402 1740 3452 dem
1769 3403 1824 3451 in
1856 3400 1947 3450 der
1979 3398 2290 3465 Anthologia
2330 3414 2518 3464 graeca
2560 3399 2691 3450 noch

1623 3470 1788 3534 einige
1819 3469 2143 3535 Epigramme
2188 3467 2414 3518 erhalten
2448 3468 2587 3519 siud.
2625 3495 2687 3504 —

1622 3537 1753 3587 Plin.
1782 3548 1883 3587 nat.
1909 3535 1961 3588 h.
1988 3536 2083 3585 VII
2107 3536 2191 3599 52,
2218 3545 2293 3586 172
2316 3536 2586 3601 Antipater
2611 3535 2693 3586 Si·

1620 3606 1806 3656 donius
1839 3611 1989 3671 poeta
2021 3605 2255 3655 omnibus
2291 3604 2441 3654 annis
2474 3618 2579 3654 uno
2604 3604 2691 3654 die

1619 3683 1815 3724 tantum
1842 3672 1993 3722 natali
2012 3672 2373 3737 corripiebatur
2399 3671 2529 3722 febri
2554 3680 2604 3721 et
2627 3686 2689 3721 eo

1620 3750 1970 3807 comsumptus
1996 3747 2073 3790 est
2096 3740 2221 3790 satis
2245 3740 2398 3806 longa
2423 3747 2645 3791 senecta.

1691 3824 1942 3892 Antipho
1981 3827 2026 3876 11
2051 3823 2135 3887 59,
2161 3834 2256 3875 242.

1692 3891 2059 3946 Antisthenes
2096 3894 2167 3945 111
2197 3892 2281 3958 17,
2315 3901 2366 3943 62
2397 3908 2494 3944 aus
2518 3892 2689 3943 Athen

1625 3961 1741 4028 (um
1764 3959 1918 4026 400),
1957 3961 2175 4026 anfangs
2201 3961 2292 4013 des
2316 3961 2536 4012 Rhetors
2561 3962 2691 4014 Gor-

1623 4032 1766 4111 giusg
1809 4032 1983 4113 spater
2024 4031 2147 4080 aber
2180 4028 2422 4080 Sokrates
2458 4028 2689 4092 Schiiler,

1625 4115 1741 4164 παρ
1804 4113 1874 4151 ου
1898 4095 1999 4150 καὶ
2032 4092 2096 4150 τὸ
2129 4091 2556 4165 καρτερικὸν
2591 4099 2692 4149 2,oe-

1627 4162 1743 4234 βὼν
1762 4164 1862 4219 καὶ
1880 4159 1944 4217 τὰ
1969 4158 2209 4219 &aasz
2223 4182 2251 4226 ς
2276 4156 2531 4233 ζηλώσας
2552 4181 2695 4218 κατ-

1624 4232 1763 4301 ῆρξε
1807 4232 2026 4301 πρῶτος
2065 4231 2169 4287 τοῦ
2210 4233 2508 4302 κυνισμοῦ.
2570 4232 2691 4286 διε·
