2930 4693
425 179 549 244 308

1072 173 1171 236 ΒΕ
1212 171 1570 236 ORATORE
1599 173 1674 236 111
1723 175 1823 236 54.
1870 180 1992 233 207.

423 348 581 409 rium
612 353 672 407 et
699 343 1045 408 dissolutum
1074 350 1136 406 et
1158 343 1471 407 declinatio
1493 350 1555 406 et
1581 344 1969 425 reprehensio
2000 352 2059 419 et
2078 344 2424 408 exclamatio
2455 350 2515 405 et
2540 346 2654 407 im·

425 432 674 494 minutio
704 438 764 492 et
791 430 949 511 quod
977 432 1040 491 in
1069 428 1269 492 multis
1296 429 1531 492 casibus
1557 431 1798 512 ponitur
1828 437 1889 492 et
1914 430 2072 511 quod
2101 430 2176 492 de
2205 429 2451 510 singulis
2472 428 2658 491 rebus

425 517 745 598 propositis
783 515 1025 579 ductum
1067 515 1326 577 refertur
1366 514 1442 575 ad
1481 515 1710 594 singula
1754 522 1815 576 et
1864 515 1939 577 ad
1977 518 2349 598 propositum
2390 514 2659 576 subiecta

427 603 577 663 ratio
616 609 676 667 et
712 602 855 663 item
897 602 960 662 in
1001 599 1328 663 distributis
1364 601 1668 682 supposita
1709 602 1861 662 ratio
1889 608 1948 662 et
1987 601 2301 681 permissio
2329 607 2391 662 et
2414 617 2661 662 rursum

428 685 542 749 alia
570 685 855 749 dubitatio
902 692 959 747 et
997 686 1384 767 improvisum
1423 684 1703 767 quiddam
1744 692 1804 747 et
1843 684 2236 747 dinumeratio
2277 692 2338 747 et
2380 684 2492 747 alia
2521 700 2659 746 cor-

426 874 601 924 vivere
632 882 690 924 ut
724 873 875 935 edas,
923 871 1048 923 oder
1081 888 1141 922 ea
1171 888 1228 923 re
1259 882 1495 939 poemata

430 955 531 994 non
566 940 728 1001 facio,
765 941 887 1004 quia
925 941 1210 991 cuiusmodi
1243 940 1360 990 volo
1390 955 1493 991 nou

427 1023 659 1078 possum,
683 1008 971 1058 cuiusmodi
992 1022 1208 1074 possum
1233 1008 1369 1058 nolo.

504 1076 770 1129 verborum
824 1077 1075 1127 concinna
1129 1081 1494 1141 transgressio,

427 1135 772 1211 ὖπέρβατον.
806 1143 873 1194 ad
898 1142 1011 1193 Her.
1036 1144 1105 1194 lv
1125 1142 1208 1206 32,
1234 1151 1285 1193 tt
1309 1152 1370 1194 tr.
1399 1154 1493 1206 est,

431 1226 564 1278 qnae
581 1212 850 1261 verborum
860 1212 1121 1276 perturbat
1139 1210 1369 1262 ordinem
1381 1227 1495 1279 per·

428 1281 670 1331 versione
692 1286 780 1330 ant
800 1279 1109 1337 traiectione,
1136 1295 1181 1330 z.
1203 1279 1261 1330 B.
1287 1279 1384 1331 hoc
1401 1295 1495 1330 vo·

432 1348 510 1400 bis
535 1348 661 1399 deos
695 1347 1005 1398 immortales
1038 1347 1253 1403 arbitror
1287 1348 1496 1399 dedisse

431 1416 623 1482 pietate
654 1428 748 1481 pro
773 1423 968 1476 vestra,
1005 1415 1129 1465 oder
1158 1416 1408 1467 instabilIs
1441 1416 1494 1466 in

429 1485 583 1536 istum
603 1483 876 1550 plurimum
896 1482 1099 1534 fortuna
1110 1483 1285 1539 valuit.
1306 1483 1493 1534 Huius-

431 1551 572 1603 modi
604 1552 856 1613 traiectio,
896 1564 1026 1618 quae
1058 1567 1165 1601 rem
1199 1566 1300 1603 non
1322 1552 1497 1603 reddit

432 1620 726 1684 obsera-am,
768 1618 981 1669 multum
1015 1618 1239 1685 proderit
1272 1619 1338 1670 ad
1370 1633 1492 1670 cou-

432 1688 743 1740 tinuationes
767 1685 1284 1752 (Periodenbildung)
1306 1688 1358 1738 in
1382 1689 1493 1751 qui-

432 1757 531 1808 bus
556 1765 756 1822 oportet
775 1756 932 1805 verba
966 1756 1117 1805 sicuti
1140 1755 1207 1806 ad
1230 1756 1496 1822 poeticum

434 1825 691 1888 quendam
716 1830 978 1874 exstruere
998 1837 1279 1882 numerum,
1303 1831 1361 1874 nt
1376 1837 1493 1889 per-

433 1892 567 1942 recte
601 1899 651 1940 et
695 1890 1092 1957 perpolitissime
1175 1892 1338 1942 ossint
1381 1906 1499 1942 esse

434 1957 721 2010 absolutae.
772 1957 944 2018 Quint.
970 1958 1091 2010 vlll
1150 1995 1165 2018 ,
1189 1967 1257 2009 62.

502 2026 838 2087 contrarium,
876 2015 1209 2093 ἀντίθετον,
1236 2017 1498 2079 ἐναντιό-

434 2108 558 2162 της.
602 2093 671 2144 ad
695 2093 813 2144 Her.
838 2092 910 2143 Ν
946 2091 1029 2155 18,
1063 2103 1115 2144 25
1138 2110 1186 2146 c.
1222 2103 1327 2158 est,
1361 2095 1501 2159 quod

436 2177 500 2216 ex
524 2162 678 2213 rebus
696 2161 915 2212 diversis
934 2162 1134 2214 duabus
1151 2162 1362 2213 alteram
1385 2163 1502 2214 bre-

432 2232 563 2283 viter
596 2239 647 2280 et
678 2229 828 2280 facile
862 2229 1154 2291 confirmat,
1205 2246 1250 2281 z.
1287 2230 1344 2281 B.
1380 2246 1500 2282 nam

436 2299 524 2365 qui
570 2299 679 2350 suis
724 2297 1005 2351 rationibus
1061 2298 1299 2351 inimicus
1344 2298 1501 2352 fuerit

436 2381 664 2435 semper,
698 2380 815 2416 eum
849 2368 1105 2432 quomodo
1138 2367 1321 2419 alienis
1345 2370 1498 2420 rebus

434 2436 655 2486 amicum
677 2434 789 2486 fore
809 2435 1025 2517 speres?

504 2505 810 2563 dissolutam,
836 2500 1175 2569 ασυνδετον,
1199 2504 1266 2555 ad
1288 2504 1407 2555 Her.
1425 2504 1499 2555 Ν

438 2570 521 2633 30,
553 2581 606 2623 41
654 2571 705 2622 d.
743 2579 848 2631 est,
884 2572 1022 2635 quod
1056 2572 1498 2623 coniunctionibus

425 2641 704 2692 ‹verborum
741 2653 769 2689 e
793 2639 962 2691 medio
997 2640 1212 2691 sublatis
1247 2640 1498 2707 separatis

435 2709 668 2774 partibus
705 2706 934 2767 effertur,
987 2724 1031 2758 z.
1058 2707 1114 2758 B.
1149 2723 1270 2774 gere
1303 2722 1498 2758 morem

436 2776 649 2841 parenti,
665 2788 789 2842 pare
809 2776 1056 2840 cognatis,
1069 2777 1351 2838 obsequere
1370 2778 1498 2826 ami—

437 2844 531 2902 cis,
556 2844 853 2908 obtempera
877 2843 1097 2908 legibus.
1358 2880 1363 2884 .

506 2912 779 2960 declinatio
838 2904 1292 2976 (παρηγμένον),
1361 2911 1496 2961 ‘cum

437 2977 633 3042 aliquid
659 2984 1037 3042 praetereuntes
1062 2993 1150 3027 cur
1172 2978 1226 3028 id
1248 2978 1498 3029 faciamus

439 3044 792 3106 ostendimus,'
817 3044 898 3096 Or.
924 3042 1010 3103 39,
1036 3053 1126 3095 135.

505 3113 864 3180 reprehensio,
899 3103 1248 3178 ἅφορισμός,
1287 3110 1505 3180 διορισ-

438 3178 570 3251 μός,
616 3181 750 3232 ‘cum
785 3182 1081 3248 corrigimus
1125 3191 1326 3232 nosmet
1357 3183 1501 3247 ipsos

440 3250 585 3315 quasi
631 3247 1103 3315 reprehendentes:
1159 3248 1242 3301 Or.
1277 3248 1371 3309 39,
1407 3259 1501 3301 135.

441 3317 614 3380 Quint.
641 3317 715 3369 IX
738 3318 788 3377 2,
816 3325 866 3367 18
889 3317 1056 3378 cives,
1083 3318 1248 3376 cives,
1275 3318 1500 3383 inquam,

441 3388 485 3437 si
509 3385 609 3437 boc
634 3400 723 3437 eos
749 3386 955 3436 nomine
979 3385 1222 3466 appellari
1247 3386 1325 3436 fas
1351 3393 1444 3438 est.

508 3456 829 3514 exclamatio,
857 3445 1175 3520 ἕκφωνησις
1210 3454 1505 3504 admiratio—

443 3522 523 3573 nis
558 3522 639 3571 vel
686 3522 1069 3586 conquestionis
1116 3513 1503 3589 σχετλιασμός.

443 3590 511 3640 ad
533 3589 649 3641 Her.
676 3590 747 3641 lv
774 3589 854 3652 15,
880 3598 932 3639 22
966 3589 1096 3640 excl.
1124 3598 1202 3639 est
1225 3604 1357 3652 quae
1380 3604 1504 3640 con-

443 3657 547 3708 ficit
569 3656 990 3723 significationem
1010 3657 1199 3707 doloris
1224 3665 1316 3707 aut
1336 3657 1506 3723 indig-

444 3726 667 3776 nationis
691 3724 906 3774 alicuius
940 3740 1031 3791 per
1062 3724 1283 3775 hominis
1307 3735 1395 3778 aut
1417 3741 1507 3776 ur-

444 3794 525 3845 bis
549 3803 637 3844 aut
661 3792 758 3842 loci
781 3801 870 3843 aut
890 3793 964 3841 rei
982 3794 1261 3860 cuiuspiam
1281 3794 1504 3860 compel-

444 3862 705 3912 lationem.

513 3930 808 3987 imminutio,
857 3927 987 3978 nach
1034 3928 1203 3989 Quint.
1240 3928 1313 3979 IX
1346 3926 1408 3989 3,
1456 3938 1509 3980 90

501 3996 902 4047 eichbedeutend
912 3996 1006 4046 mit
1018 3997 1327 4058 extenuatio,
1339 3998 1369 4060 S
1388 3997 1508 4049 202.

492 4064 587 4113 och
610 4065 803 4115 konnte
824 4062 935 4114 hier
955 4063 1210 4115 vielleicht
1233 4065 1363 4115 auch
1390 4067 1509 4116 dar-

448 4138 596 4180 unter
620 4131 733 4180 eine
759 4131 930 4182 blosse
944 4132 1420 4199 Wortverkiirzung
1444 4149 1507 4183 zu

447 4195 577 4248 rhet.
602 4198 847 4268 Zweclten
878 4200 1103 4263 gemeint
1136 4201 1265 4252 sein.
1314 4201 1399 4254 Or.
1422 4200 1509 4264 47,

1597 882 1671 924 15⁷
1696 873 1828 933 Quid
1855 873 1992 935 quod
2016 873 2093 924 sic
2115 872 2253 937 loqui
2279 870 2468 923 ‘nosse'
2505 871 2657 921 ‘iudi-

1596 944 1760 991 casse’
1787 948 1979 1001 vetant,
2004 939 2247 991 ‘novisse’
2274 942 2452 992 iubent
2480 950 2533 989 et
2551 940 2660 997 fiu-

1597 1009 1867 1060 dicavisse’
1912 1035 1976 1044 —
2023 1008 2169 1072 quasi
2202 1024 2323 1059 vero
2371 1007 2662 1059 nesciamus

1595 1078 1646 1127 in
1671 1074 1768 1126 hoc
1790 1091 1977 1141 genere
1996 1086 2044 1126 et
2062 1076 2269 1143 plenum
2288 1077 2500 1126 verbum
2520 1082 2665 1126 recte

1597 1145 1695 1196 dici
1721 1152 1770 1194 et
1792 1146 2089 1195 imminutum
2113 1145 2316 1195 usitate.

1665 1213 1877 1279 quadiu
1898 1214 2066 1263 multis
2084 1212 2285 1264 casibus
2302 1210 2530 1277 ponitur,
2556 1225 2667 1262 πο·

1597 1272 1915 1345 lincuntur,
1946 1296 1990 1331 z.
2018 1279 2075 1330 B.
2100 1288 2246 1346 pater
2268 1279 2351 1329 hic
2374 1278 2530 1331 tuus?
2566 1292 2667 1344 pa-

1597 1359 1726 1400 trem
1753 1362 1886 1397 nunc
1920 1362 1984 1414 ap
2026 1348 2185 1399 elias?
2219 1348 2380 1414 patris
2411 1348 2491 1398 tui
2522 1345 2667 1397 filius

1600 1417 1692 1467 es?
1738 1414 1913 1477 Quint.
1938 1417 1959 1465 l
2037 1413 2086 1477 3,
2112 1422 2182 1466 36.

1667 1486 1806 1552 quod
1837 1485 1901 1536 de
1924 1486 2136 1550 singulis
2158 1483 2311 1535 rebus
2335 1490 2449 1545 etc„
2477 1479 2670 1535 ‘wech-

1598 1551 1856 1617 selseitige
1886 1550 2184 1618 Beziehung
2226 1552 2317 1601 der
2354 1549 2672 1601 Ausdriicke

1597 1619 1694 1671 auf
1711 1618 1992 1670 einander.'
2051 1619 2143 1670 Als
2168 1617 2388 1685 Beispiel
2421 1615 2547 1668 wird
2572 1631 2672 1668 au-

1597 1686 1826 1755 geffihrt:
1874 1702 1927 1754 p.
1953 1687 2059 1738 Mil.
2083 1688 2136 1748 4,
2162 1696 2211 1739 ιο
2242 1695 2321 1737 est
2358 1686 2513 1751 igitur
2534 1683 2672 1737 haec

1599 1770 1698 1807 non
1725 1756 1914 1823 scripta
1939 1756 2032 1806 sed
2057 1764 2175 1806 nata
2210 1753 2323 1812 lex'.
2370 1767 2524 1819 quam
2558 1768 2672 1805 non

1598 1824 1896 1883 didicimus,
1932 1824 2251 1890 accepimus,
2287 1822 2533 1887 legimus,
2571 1837 2673 1873 ve-

1597 1907 1709 1943 rum
1737 1906 1802 1942 ex
1827 1898 2004 1942 natura
2025 1892 2142 1958 ipsa
2165 1891 2469 1958 arripuimus
2492 1924 2507 1954 ,
2531 1888 2668 1940 hau-

1598 1961 1790 2025 simus,
1816 1961 2183 2024 expressimus.
2619 2012 2625 2019 ,

1654 2029 1729 2080 ad
1734 2029 2052 2093 propositum
2065 2027 2296 2080 subiecta
2312 2027 2467 2088 ratio,
2480 2020 2674 2077 αἰτιο-

1603 2095 1789 2162 λογία,
1818 2097 1864 2147 11
1887 2096 1971 2157 41,
1997 2104 2089 2146 177.
2237 2127 2244 2133 ·

1657 2165 1712 2216 in
1727 2163 2015 2215 distributis
2030 2164 2300 2230 supposita
2318 2163 2471 2220 ratio,
2489 2175 2672 2225 ποοσ-

1601 2223 1899 2297 απόδοσις,
1941 2248 1988 2281 z.
2017 2231 2076 2285 Β.
2112 2245 2281 2294 neque
2311 2236 2673 2281 accusatorem

1603 2315 1719 2352 enm
1743 2308 1935 2363 metuo,
1960 2300 2047 2372 qui
2066 2313 2181 2351 sum
2205 2300 2468 2357 innocens,
2494 2310 2675 2361 neque

1601 2369 1988 2435 competitorem
2000 2375 2207 2426 vereor,
2241 2366 2379 2431 quod
2410 2379 2524 2418 sum
2552 2366 2674 2418 An-

1598 2438 1799 2499 tonius,
1835 2451 2002 2500 neque
2022 2435 2288 2487 consulem
2312 2448 2490 2502 spero,
2525 2435 2673 2499 quod

1601 2515 1679 2555 est
1703 2504 1907 2567 Cicero,
1931 2503 2106 2566 Quint.
2132 2503 2206 2555 IX
2228 2502 2280 2562 3,
2304 2511 2357 2554 83
2378 2502 2415 2553 i'.

1666 2575 1960 2637 permissio,
1996 2563 2292 2638 ἕκιτροπή.
2350 2570 2419 2621 ad
2442 2570 2561 2621 Her.
2592 2570 2672 2620 IV

1599 2637 1687 2701 29,
1713 2648 1765 2691 89
1787 2655 1841 2706 p.
1867 2648 1972 2702 est,
2006 2655 2122 2690 cum
2157 2638 2474 2691 ostendimus
2502 2638 2556 2688 in
2582 2637 2671 2688 di-

1600 2708 1761 2759 cendo
1786 2721 1881 2759 nos
1905 2708 2127 2773 aliquam
2151 2722 2259 2758 rem
2283 2714 2441 2757 totam
2465 2705 2676 2761 tradere

1602 2784 1653 2825 et
1676 2777 1957 2826 concedere
1978 2776 2197 2826 alicuius
2221 2774 2488 2837 voluntati,
2527 2789 2577 2824 z.
2602 2773 2672 2824 B.

1598 2857 1693 2894 vos
1725 2858 1808 2893 me
1841 2853 2008 2894 vestro
2042 2857 2143 2908 quo
2175 2854 2325 2910 paeto
2347 2841 2499 2892 vobis
2522 2840 2672 2892 vide·

1597 2912 1734 2963 bitur
1750 2912 1965 2962 utamini
1980 2921 2134 2976 atque
2159 2909 2444 2961 abutamini
2474 2909 2667 2972 licebit,

1599 2980 1846 3047 imponite
1876 2980 1930 3028 iu
1963 2993 2047 3029 me
2087 2979 2368 3042 quidlibet,
2416 2976 2672 3041 quidlibet
2737 3002 2742 3006 ·

1601 3049 1824 3110 statuite,
1850 3047 1984 3097 dieto
2004 3053 2159 3110 atque
2178 3055 2302 3097 nutu
2321 3046 2531 3111 parebo.
2558 3044 2672 3095 Hoc

1601 3130 1768 3183 genus
1802 3140 1866 3154 -
1901 3115 1968 3165 ad
2002 3113 2402 3165 misericordiam
2436 3126 2672 3164 commo-

1602 3183 1818 3233 vendam
1866 3181 2312 3234 vehementissime
2345 3189 2424 3231 est
2456 3193 2670 3230 accom-

1604 3251 1882 3301 modatum.

1674 3321 1779 3370 alia
1824 3317 2096 3374 dubitatio.
2142 3309 2597 3384 ἀμφισβήτησις,
2635 3313 2670 3382 S

1606 3385 1725 3439 203.
1773 3386 1941 3446 Quint.
1969 3385 2042 3436 IX
2065 3384 2125 3447 3,
2159 3394 2211 3435 88
2258 3384 2513 3444 Quaedam
2541 3398 2667 3433 ver·

1606 3455 1784 3506 borum
1818 3454 2012 3518 figurae
2062 3453 2294 3520 paullum
2332 3450 2513 3518 figuris
2546 3466 2672 3502 sen·

1605 3522 1878 3572 tentiarum
1927 3521 2242 3571 declinantur
2289 3528 2345 3569 ut
2387 3519 2663 3570 dubitatio·

1608 3589 1735 3641 Nam
1761 3604 1875 3640 cum
1900 3589 1953 3640 in
1976 3604 2032 3639 re
2065 3596 2170 3651 est,
2219 3587 2379 3654 priori
2412 3587 2544 3653 parti
2579 3601 2670 3637 as-

1609 3658 1860 3723 signanda
1884 3664 1988 3716 est,
2023 3671 2137 3707 cum
2163 3656 2215 3705 in
2233 3655 2388 3705 verbo
2412 3655 2669 3719 sequenti,

1610 3742 1660 3777 z.
1684 3725 1743 3775 B.
1778 3725 1906 3776 ‘sive
1937 3739 2021 3800 pie
2052 3723 2320 3786 malitiam,
2355 3722 2467 3773 sive
2498 3722 2672 3773 stulti-

1610 3795 1731 3845 tiam
1755 3793 1923 3843 dicere
1947 3794 2180 3858 oportet.'
2237 3791 2364 3840 Item
2399 3790 2669 3840 correctio-

1609 3864 1690 3912 nis
1715 3861 1892 3911 eadem
1916 3862 2041 3910 ratio
2066 3868 2161 3911 est.
2452 3917 2465 3937 .

1636 3983 1640 3988 ,
1676 3930 1994 3994 improvismn
2018 3928 2282 3995 quiddam,
2313 3940 2473 3990 παρα
2496 3939 2672 3990 προσ·

1611 3996 1841 4061 δοκίαν,
1876 3986 2326 4061 ἀπροσδόκητον,
2363 3994 2407 4044 ll
2430 3990 2514 4055 63,
2538 4002 2633 4043 255.

1679 4065 2039 4124 dinumeratio,
2074 4054 2493 4128 ἀπαρίθμησις.
2562 4062 2672 4111 alia

1611 4148 1769 4195 corr„
1793 4129 1825 4198 S
1848 4130 1966 4183 203.
2014 4131 2080 4182 ad
2103 4132 2222 4183 Her.
2247 4129 2318 4180 Ν
2340 4129 2390 4188 2,
2415 4136 2467 4181 88
2489 4143 2533 4180 c.
2570 4137 2668 4191 est,

1613 4214 1744 4266 quae
1767 4200 1898 4251 tollit
1929 4198 1982 4250 id
2017 4198 2154 4264 quod
2186 4198 2375 4249 dictum
2401 4204 2479 4247 est
2502 4205 2552 4246 et
2573 4209 2670 4264 pro
