2930 4693
246 1876 258 1888 ⁶
366 1811 469 1861 274

492 193 621 259 194
1060 189 1160 253 DE
1202 188 1557 253 ORATORE
1596 189 1649 252 11
1689 191 1795 253 67.
1833 197 2144 254 272-274.

492 361 645 425 Nam
675 360 846 431 sicut,
877 359 1036 441 quod
1065 360 1221 441 apud
1252 360 1538 423 Catonem
1566 366 1656 421 est
1687 358 1809 441 (qui
1835 358 2021 422 multa
2051 359 2296 431 rettulit,
2330 378 2406 422 ex
2434 359 2657 442 quibus
2687 380 2725 424 a
2783 396 2790 401 ‹

493 464 591 508 me
633 442 886 526 exempli
926 463 1103 509 causa
1144 442 1427 507 nonnulla
1468 445 1808 525 ponuntur),
1861 462 1972 525 per
2012 445 2159 507 mihi
2197 448 2411 508 scitum
2470 447 2725 519 videtur,

495 532 559 595 C.
590 528 921 593 Publicium
951 529 1188 592 solitum
1217 530 1418 592 dicere
1446 531 1545 592 ‘P.
1564 531 1912 593 Mummium
1935 531 2118 592 cuivis
2132 533 2390 611 tempori
2412 531 2727 593 hominem

495 621 694 686 esse;'
726 616 811 675 sic
839 616 1109 695 profecto
1140 633 1205 675 se
1233 632 1333 677 res
1359 614 1559 687 habet,
1590 613 1819 677 nullum
1846 622 1915 677 ut
1941 616 2019 677 sit
2041 616 2192 677 vitae
2220 623 2473 696 tempus,
2503 618 2569 678 in
2597 634 2725 697 quo

498 719 620 764 non
650 700 857 762 deceat
879 699 1147 780 leporem
1177 700 1722 781 humanitatemque
1752 702 1994 763 versari.

672 784 792 846 Sed
821 784 1002 847 redeo
1033 784 1109 846 ad
1136 792 1354 848 cetera.
1426 785 1534 847 Est
1558 784 1698 847 hnic
1725 785 2041 848 finitimum
2077 784 2550 856 dissimulationi,
2582 803 2728 848 cum

499 871 751 933 honesto
780 869 964 931 verbo
990 870 1196 933 vitiosa
1225 887 1324 931 res
1354 870 1710 951 appellatur:
1742 878 1809 932 ut
1835 888 1972 933 cum
1991 870 2302 933 Africanus
2324 888 2539 932 censor
2560 870 2727 933 trihu

498 953 774 1017 movebat
802 972 937 1016 eum
969 956 1396 1026 centurionem,
1437 957 1542 1035 qui
1569 956 1634 1016 in
1660 955 1851 1017 Paulli
1877 973 2075 1036 pugna
2103 973 2226 1018 non
2254 955 2539 1027 adfuerat,
2583 974 2723 1017 cum

496 1039 596 1101 ille
623 1058 688 1102 se
718 1039 1020 1102 custodiae
1060 1057 1235 1101 causa
1264 1039 1491 1102 diceret
1526 1041 1590 1100 in
1632 1042 1841 1103 castris
1881 1043 2237 1102 remansisse
2266 1047 2719 1122 quaereretque,

366 1131 468 1185 273
499 1143 607 1187 cur
636 1123 711 1186 ab
743 1141 814 1185 eo
844 1131 1180 1187 notaretur:
1219 1125 1387 1187 ‘Non
1415 1143 1567 1195 amo,
1598 1125 1807 1205 inquit,
1848 1126 2095 1187 niqum
2126 1124 2481 1204 diligentes.2
2567 1126 2721 1188 Acu-

498 1217 624 1271 tum
655 1208 1006 1270 etiam¹illud
1037 1216 1145 1280 est,
1191 1228 1327 1272 cum
1358 1227 1432 1271 ex
1459 1209 1703 1272 alterius
1732 1211 2001 1272 oratione
2030 1209 2188 1272 aliud
2220 1211 2496 1291 excipias,
2541 1217 2721 1291 atque

496 1293 596 1355 ille
619 1292 768 1356 vult:
800 1301 868 1356 ut
889 1293 1205 1356 Salinatori
1224 1295 1529 1366 MaximuS,
1560 1313 1715 1366 cum,
1747 1295 2005 1358 Tarento
2030 1296 2263 1365 amisso,
2296 1313 2497 1358 arcem
2518 1302 2720 1357 tamen

496 1378 693 1439 Livius
720 1380 1062 1441 retinuisset
1102 1378 1402 1460 multaque
1445 1398 1518 1441 ex
1560 1398 1630 1442 ea
1672 1379 1899 1461 proelia
1937 1379 2244 1461 praeclara
2283 1380 2539 1452 fecisset,
2584 1398 2720 1442 cum

498 1462 720 1543 aliquot
746 1471 883 1545 post
910 1482 1099 1526 annos
1127 1464 1417 1528 Maximus
1444 1464 1507 1526 id
1537 1465 1820 1545 oppidum
1848 1467 2174 1546 recepisset
2201 1473 2561 1546 rogaretque
2582 1483 2717 1527 eum

499 1546 823 1620 Salinator,
894 1555 959 1610 ut
1029 1551 1397 1612 meminisset
1459 1567 1641 1630 opera
1699 1568 1806 1612 sua
1858 1568 1922 1612 se
1980 1549 2304 1613 Tarentum
2366 1551 2715 1631 recepissse,

498 1636 517 1666 ³
532 1632 767 1780 Οιιὲᾶέιὲ
797 1635 1007 1714 inquit,
1038 1635 1452 1697 meminerim?
1510 1634 1843 1716 Numquam
1873 1636 2034 1698 enim
2063 1636 2452 1716 recepissem,
2497 1636 2614 1698 nisi
2657 1643 2718 1697 tu

573 1735 606 1778 r
647 1720 668 1779 i
711 1720 725 1733 '
761 1722 900 1780 ses?
2073 1732 2080 1739 ‘

495 1736 572 1799 pe
667 1804 818 1864 Sunt
846 1804 1024 1864 etiam
1052 1802 1154 1865 illa
1177 1802 1560 1875 subabsurda,
1593 1803 1698 1866 sed
1730 1822 1802 1867 eo
1830 1806 1961 1886 ipso
1981 1807 2224 1867 nomine
2245 1822 2424 1886 saepe
2445 1796 2715 1877 ridicula,

500 1905 622 1949 non
651 1885 841 1949 solum
872 1889 1072 1950 mimis
1099 1891 1495 1970 perapposita‚
1528 1889 1634 1951 sed
1666 1891 1843 1953 etiam
1872 1889 2309 1971 quodammodo
2340 1890 2547 1954 nobis:

1824 1976 2004 2036 homo
2034 1974 2231 2037 fatuus

799 2057 1117 2139 Postquam
1146 2076 1277 2120 rem
1306 2058 1529 2122 habere
1559 2059 1771 2140 coepit,
1804 2068 1895 2122 est
1923 2062 2245 2122 emortuus.

366 793 470 845 272

498 2148 585 2205 et:
1204 2228 1344 2309 quid
1377 2236 1465 2291 est
1492 2228 1603 2290 tibi
1631 2228 1743 2291 ista
1772 2229 2023 2293 mulier?
2056 2265 2132 2276 -
2163 2229 2327 2292 Uxor
2358 2265 2435 2277 —

803 2312 1023 2376 Similis
1051 2332 1149 2377 me
1180 2313 1310 2378 dius
1338 2314 1535 2378 fidius.
1570 2351 1647 2363 --

563 2458 658 2503 271.
698 2450 948 2511 Catonem,
973 2453 1007 2516 S
1028 2449 1147 2502 252.
1188 2466 1292 2518 per
1311 2452 1432 2503 milei
1449 2453 1551 2503 sci-

497 2525 623 2579 tum,
646 2520 737 2569 mit
760 2519 1027 2571 derselben
1050 2521 1247 2571 Tmesis
1259 2555 1275 2581 ,
1301 2521 1397 2571 wie
1420 2522 1442 2571 1
1465 2518 1552 2583 49,

494 2595 571 2638 214
594 2603 686 2654 per
708 2586 832 2637 mihi
855 2587 1055 2641 mirum.

561 2658 719 2708 cuivis
740 2659 973 2721 tempori.
1010 2655 1260 2707 Aehnlieh
1283 2655 1409 2706 wird
1434 2657 1557 2722 spa-

494 2730 572 2773 ter
594 2724 807 2775 Asinius
831 2723 992 2775 Pollio
1016 2723 1347 2790 geschildert3
1382 2723 1553 2784 Quint.

493 2791 565 2840 VI
590 2790 640 2851 3,
676 2800 752 2842 110
796 2791 884 2842 illa
905 2793 1078 2858 potius
1101 2792 1296 2841 urbana
1319 2792 1552 2851 dixerim,

495 2873 629 2920 quae
652 2867 773 2909 sunt
793 2860 997 2924 generis
1022 2859 1276 2921 eiusdem,
1302 2872 1403 2923 quo
1427 2859 1554 2909 ridi-

494 2926 611 2975 cula
642 2926 877 2977 dicuntur
908 2933 959 2977 et
988 2933 1159 2977 tamen
1200 2926 1415 2977 ridicula
1451 2940 1556 2977 non

495 3000 643 3057 sunt,
681 3002 736 3044 ut
757 2994 824 3044 de
846 2994 1076 3045 Pollione
1097 2994 1278 3045 Asinio
1303 2994 1450 3045 seriis
1474 2995 1554 3045 io-

433 3098 442 3106 .
494 3062 672 3124 cisque
717 3062 906 3128 pariter
950 3062 1328 3113 accommodato
1361 3062 1556 3113 dictum

496 3136 601 3181 este
651 3144 762 3181 ease
785 3145 895 3180 eum
926 3131 1136 3182 omnium
1167 3131 1421 3182 horarum.
1486 3130 1554 3181 So

494 3197 607 3247 hier
629 3197 791 3248 cuivis
807 3205 910 3248 tem
951 3198 1024 3248 ori
1044 3198 1166 3249 oder
1180 3197 1312 3250 auch
1328 3199 1555 3250 cuiusvis

494 3266 763 3332 temporis:
788 3267 884 3316 wie
952 3267 1174 3318 ummius
1199 3268 1280 3317 ein
1300 3266 1460 3323 Manu,
1474 3266 1558 3317 fiir

494 3333 620 3384 alle
642 3332 995 3386 Verhiltnisse
1016 3336 1084 3387 ist
1105 3333 1303 3402 (ernste
1319 3336 1426 3387 und
1443 3333 1554 3384 hei-

494 3400 643 3467 tom),
657 3417 715 3453 so
728 3402 970 3453 derWitz
990 3403 1233 3469 einDing‚
1256 3402 1350 3453 das
1373 3404 1556 3453 iiber-

494 3470 579 3521 all
603 3470 674 3519 im
697 3470 870 3521 Leben
896 3486 960 3522 zu
982 3469 1240 3522 brauehen
1262 3471 1351 3521 ist.

561 3547 658 3589 272.
683 3538 819 3590 tribu
834 3539 1226 3591 movebaia-In
1244 3538 1411 3589 dieser
1421 3538 1554 3588 Ver—

495 3611 815 3671 setzungaus
827 3608 968 3658 einer
986 3606 1145 3656 tribus
1162 3606 1352 3657 rustica
1367 3607 1418 3657 in
1441 3606 1553 3657 eine

493 3674 658 3725 tribus
696 3676 913 3739 urbana,
958 3674 1121 3725 werin
1168 3674 1398 3740 zngleich
1439 3675 1552 3725 eine

494 3740 866 3808 Schmalerung
895 3742 986 3793 des
1020 3740 1371 3793 Stimmrechts
1411 3741 1552 3808 liegt,

495 3810 623 3860 oder
656 3808 789 3859 noch
833 3809 1162 3874 allgemeiner
1205 3810 1259 3859 in
1305 3810 1395 3861 der
1429 3811 1552 3860 Ent-

496 3876 720 3941 ziehnng
749 3876 841 3928 des
867 3877 1217 3929 Stimmrechts
1247 3877 1554 3943 iiberhaupt,

494 3944 546 3995 d.
574 3944 613 3995 i.
636 3944 886 3995 aerarium
912 3944 1097 4007 faeere,
1123 3947 1179 3997 in
1201 3945 1400 3996 tabulas
1427 3944 1556 3995 Gae-

493 4012 643 4062 ritum
667 4012 880 4075 referre,
913 4013 1129 4065 bestand
1162 4016 1291 4065 eben
1325 4013 1408 4064 die
1432 4027 1556 4062 cen-

494 4077 721 4129 sorisehe
742 4079 1097 4145 Degradation.
1133 4081 1235 4132 Der
1257 4082 1355 4131 Act
1377 4080 1555 4140 selbst,

495 4145 580 4194 die
602 4147 927 4197 censorische
949 4149 1093 4212 Riige
1112 4147 1252 4198 hiess
1277 4148 1431 4209 noti0‚
1461 4161 1552 4197 no-

493 4211 641 4277 tatio,
674 4213 1047 4265 animadversio
1079 4215 1189 4266 und
1219 4215 1374 4266 deren
1398 4214 1556 4280 Folge

1654 2465 1758 2502 war
1773 2452 1859 2502 die
1875 2452 2158 2518 ignominia
2176 2452 2300 2503 oder
2313 2452 2528 2503 minutio
2546 2452 2720 2503 existi-

1657 2519 1914 2571 mationis.
1951 2520 1983 2582 s
2006 2518 2125 2571 268.

1722 2589 1896 2639 Paulli
1913 2603 2087 2655 pugna
2102 2611 2172 2628 ··-
2187 2588 2358 2638 Wenn
2377 2589 2462 2640 die
2482 2587 2720 2639 Schlaeht

1653 2656 1736 2707 bei
1753 2657 1933 2722 Pydna
1955 2656 2179 2720 gemeint
2200 2657 2284 2720 ist,
2312 2671 2371 2707 so
2389 2655 2528 2707 hatte
2546 2656 2716 2722 Scipio

1656 2722 1878 2789 (Censor
1902 2721 2028 2788 142)
2066 2725 2159 2774 das
2196 2723 2448 2774 erwahnte
2482 2724 2716 2774 militari-

1655 2791 1778 2843 sche
1824 2791 2386 2858 Disciplinarvergehen
2445 2791 2576 2842 noch
2621 2792 2714 2841 be-

1655 2858 1820 2920 strai‘t,
1845 2858 2094 2911 naehdem
2110 2857 2179 2910 26
2189 2859 2345 2910 Jahre
2365 2859 2581 2912 dariiber
2601 2858 2717 2909 hin-

1655 2941 1943 2994 gegangen.

1725 3012 1922 3062 nimium
1945 3013 2214 3078 diliyentes
2237 3012 2286 3062 d.
2306 3010 2360 3062 h.
2380 3010 2462 3061 die
2479 3011 2607 3061 iiber
2623 3011 2716 3062 das

1657 3080 1793 3129 Mass
1834 3079 1923 3129 der
1963 3079 2289 3130 Pflichttreue
2333 3078 2714 3145 hinausgehen;

1655 3148 1754 3198 wie
1775 3145 1870 3197 auf
1889 3147 2060 3198 einem
2084 3148 2277 3199 andern
2303 3144 2485 3198 Gebiet
2509 3146 2714 3214 Apelles

1655 3216 1709 3265 in
1742 3214 2039 3282 Beziehung
2084 3214 2178 3265 aui*
2212 3215 2526 3280 Protogenes
2574 3223 2713 3281 sagt:

1656 3297 1840 3334 nocere
1856 3297 2014 3348 saepe
2030 3283 2238 3333 nimiam
2256 3283 2589 3348 diligentiam,
2600 3298 2715 3333 -was

1657 3366 1722 3401 an
1760 3352 2028 3402 derselben
2063 3350 2221 3403 Stelle
2255 3351 2337 3400 bei
2360 3349 2493 3401 Plin.
2517 3350 2715 3401 XXXV

1658 3417 1749 3482 10,
1780 3427 1832 3469 30
1877 3419 1954 3469 als
1988 3418 2451 3485 gleichbedeuteud
2474 3418 2572 3468 mit
2593 3434 2715 3469 cura

1653 3503 1816 3552 supra
1838 3488 2035 3540 modum
2056 3488 2220 3539 anoeia
2242 3500 2552 3551 genommen
2574 3486 2714 3539 wird.

1721 3581 1815 3623 274.
1854 3589 1914 3625 eo
1947 3574 2062 3637 ipso
2096 3571 2317 3630 nomine,
2355 3568 2486 3621 eben
2521 3571 2715 3633 darum,

1653 3655 1741 3692 um
1765 3642 1858 3693 des
1891 3639 2051 3692 ihneu
2086 3639 2303 3704 eigenen
2338 3638 2710 3692 subabsurdum

1652 3708 1835 3763 winen.

1723 3794 1867 3846 homo
1895 3794 2100 3855 fatuus,
2147 3791 2300 3841 kaurn
2346 3788 2436 3841 hat
2471 3805 2527 3841 er
2562 3807 2618 3842 es
2652 3807 2714 3841 zu

1656 3875 1762 3911 was
1797 3858 2062 3925 gebracht,
2110 3858 2217 3924 legt
2255 3872 2312 3908 er
2346 3857 2458 3908 sich
2489 3857 2579 3909 hin
2611 3859 2714 3910 und

1631 3929 1832 3990 ,σὼ-Μ,
1858 3926 1934 3978 als
1958 3925 2089 3979 habe
2114 3942 2169 3977 er
2191 3925 2302 3978 sich
2324 3925 2579 3992 freiwillig
2601 3926 2712 3976 dem

1656 3994 2064 4060 Lebensgenuss,
2089 3996 2182 4047 der
2198 4008 2305 4045 nnn
2323 3994 2504 4045 seinen
2514 3993 2714 4059 Anfang

1657 4062 1876 4114 nehmen
1900 4064 2114 4126 Bonum,
2142 4071 2416 4128 entzogen.

1724 4145 1912 4198 Similia
1934 4174 1998 4187 -
2022 4147 2098 4198 als
2123 4147 2190 4198 ob
2214 4145 2300 4197 die
2322 4146 2555 4198 Antwort
2577 4159 2715 4199 soror

1656 4213 1904 4281 gelantet!
