2930 4693
212 1260 249 1353 Ι

256 1242 308 1343 Ι
324 1317 529 1391 74298

498 228 628 291 202
1088 220 1189 284 BE
1217 218 1578 284 Onnum-3
1614 218 1668 282 11
1705 221 1811 281 74.
1853 225 2162 287 297—800.

502 402 711 463 teneo,
744 409 881 452 cum
911 390 1059 452 mibi
1087 408 1286 452 sermo
1316 407 1452 451 cum
1482 389 1602 450 hoc
1629 388 1874 459 Crasso,
1905 387 2108 451 multis
2136 388 2541 461 audientibus,
2585 400 2755 453 esset

501 478 808 538 institutus
837 476 1201 555 Crassusque
1249 473 1523 554 plurimis
1562 472 1760 534 verbis
1801 472 2200 552 eloqmsntiam
2240 472 2511 535 laudaret
2549 482 2745 545 tuam,

504 561 723 622 dixisse
752 578 851 621 me
880 578 1016 621 cum
1048 560 1263 620 ceteris
1290 559 1409 619 tuis
1437 557 1711 619 laudibus
1740 558 1910 619 hanc
1927 574 2057 619 esse
2085 556 2177 619 vel
2207 560 2544 628 maximam,
2578 560 2745 639 quod

503 663 626 706 non
656 645 846 706 solum
876 643 1035 725 quod
1066 662 1216 724 opus
1244 649 1402 703 esset
1432 642 1681 712 diceres,
1713 642 1817 702 sed
1849 643 2026 703 etiam
2056 641 2213 720 quod
2245 659 2368 702 non
2398 660 2550 721 opus
2580 653 2747 705 esset

500 831 734 877 summe
771 831 906 873 esse
944 810 1268 883 laudanda,

366 742 473 795 297
502 747 625 791 non
665 727 928 790 diceres:
979 736 1106 789 tum
1159 726 1327 788 illum
1377 727 1526 787 mihi
1568 725 1933 805 respondere
1984 727 2261 795 memini,
2316 734 2512 787 cetena
2564 729 2632 788 in
2678 736 2742 788 te

1324 810 1473 872 illud
1510 828 1653 871 vero
1691 809 1952 889 improbi
1994 827 2124 870 esse
2166 811 2424 875 hominis
2464 818 2525 872 et
2553 814 2740 891 perti-

500 898 671 969 diosi,
705 898 904 957 dicere
934 897 1094 976 quod
1125 895 1385 957 alienum
1418 902 1576 955 esset
1604 902 1665 955 et
1693 902 1940 956 noceret
1968 896 2041 965 ei,
2073 912 2184 973 pro
2213 913 2332 975 quo
2361 897 2614 975 quisque
2643 896 2738 957 di-

500 988 684 1044 ceret.
766 981 964 1052 Quare
995 997 1117 1042 non
1142 979 1256 1041 sibi
1289 998 1423 1040 eum
1454 977 1775 1053 disertum,
1824 980 1925 1058 qui
1953 977 2015 1038 id
2057 996 2176 1039 non
2219 978 2476 1049 faceret,
2521 980 2735 1048 videri,

498 1066 606 1128 scd
635 1065 1006 1146 improbum,
1038 1065 1141 1145 qui
1167 1063 1409 1125 faceret.
1470 1063 1669 1131 Nunc,
1703 1063 1752 1124 si
1781 1062 1891 1124 tibi
1918 1063 2179 1132 videtur,
2211 1062 2448 1134 Antoni,
2482 1063 2736 1129 demon-

500 1159 657 1211 stres
686 1148 893 1219 velim,
948 1165 1135 1228 quare
1173 1156 1240 1209 tu
1267 1147 1383 1208 hoc
1411 1149 1496 1208 ita
1522 1164 1804 1226 magnum
1842 1155 2044 1227 puteS,
2098 1147 2247 1208 nihil
2285 1149 2350 1207 ιιι
2379 1166 2560 1209 causa
2589 1149 2736 1209 mali

499 1235 727 1302 iacere,
761 1242 827 1294 ut
856 1232 1003 1294 nihil
1032 1231 1187 1294 tibi·
1170 1250 1234 1292 ιιι
1264 1239 1502 1293 oratore
1532 1233 1723 1293 maius
1751 1249 1880 1293 esse
1909 1231 2193 1293 videatur.

698 1318 899 1379 Dicam
932 1317 1224 1398 equidem,
1257 1317 1493 1385 Caesar,
1536 1317 1813 1395 inquit,
1856 1316 1998 1395 quid
2027 1314 2401 1393 intellegam,
2434 1316 2541 1378 sed
2573 1325 2633 1377 et
2661 1324 2730 1378 tu

499 1409 560 1462 et
586 1420 690 1463 vos
721 1403 836 1463 hoc
865 1420 1091 1473 omnes,
1134 1402 1340 1481 inquit,
1384 1407 1764 1469 mementote,
1811 1418 1932 1462 non
1961 1418 2059 1461 me
2089 1400 2163 1461 de
2191 1401 2444 1480 perfecti
2472 1404 2731 1462 oratoris

495 1486 796 1548 divinitate
825 1486 1076 1566 quadam
1108 1484 1287 1566 loqui,
1318 1484 1424 1545 sed
1451 1483 1529 1545 de
1557 1485 1995 1545 exercitationis
2012 1490 2072 1544 et
2092 1485 2534 1546 consuetudinis
2556 1504 2729 1547 meae

492 1571 921 1633 mediocritate.
1010 1572 1205 1633 Crassi
1230 1570 1472 1650 quidem
1511 1586 1864 1650 responsum
1906 1565 2249 1630 excellentis
2289 1569 2597 1631 cuiusdam
2638 1577 2732 1631 est

491 1657 718 1733 ingenii
760 1673 828 1716 ac
879 1654 1225 1734 singularis;
1280 1655 1378 1714 cui
1418 1653 1658 1733 quidem
1699 1655 1962 1751 portenti
2003 1652 2195 1714 simile
2235 1671 2365 1713 esse
2394 1655 2583 1714 visum
2615 1663 2725 1722 est.

489 1758 665 1818 posse
706 1739 963 1819 aliquem
1002 1740 1257 1800 inveniri
1296 1745 1613 1808 oratorem,
1656 1739 1759 1816 qui
1798 1736 2019 1817 aliquid
2048 1736 2189 1798 mali
2217 1738 2442 1798 faceret
2470 1737 2727 1800 dicendo

357 1834 464 1886 299
493 1822 847 1902 obessetque
888 1824 973 1892 ei,
1022 1840 1199 1902 quem
1242 1821 1624 1890 defenderem
1675 1821 1817 1882 facit
1858 1823 2017 1882 enim
2060 1820 2133 1881 de
2176 1840 2243 1882 se
2282 1823 2723 1892 coniecturam;

489 1908 658 1966 cuius
698 1914 859 1967 tanta
901 1908 988 1966 vis
1026 1907 1252 1984 ingenii
1278 1913 1386 1977 est,
1418 1913 1486 1967 ut
1513 1907 1814 1967 neminem
1855 1907 1971 1967 nisi
2014 1904 2283 1966 consulto
2323 1913 2519 1985 putet,
2563 1907 2725 1987 quod

489 1996 697 2050 contra
728 2007 793 2049 se
817 1992 1012 2069 ipsum
1043 1991 1136 2061 sit,
1168 1990 1398 2059 dicere;
1443 1990 1550 2051 sed
1580 2008 1690 2068 ego
1719 2008 1842 2052 non
1883 1989 1956 2051 de
1997 1991 2325 2068 praestanti
2364 1989 2621 2070 quadam
2662 2002 2728 2052 et

486 2076 722 2144 eximia,
773 2073 878 2134 sed
917 2092 1106 2153 prope
1152 2073 1226 2134 de
1254 2073 1483 2152 vulgari
1512 2081 1572 2135 et
1600 2076 1902 2135 communi
1941 2074 2258 2153 prudentia
2302 2073 2556 2154 disputo.
2644 2075 2727 2136 Ut

487 2158 643 2237 apud
675 2158 934 2220 Graecos
961 2159 1155 2219 fertur
1182 2157 1520 2219 incredibili
1552 2158 1803 2238 quadam
1846 2159 2252 2236 magnitudine
2281 2159 2514 2220 consilii
2542 2167 2723 2239 atque

483 2244 711 2320 ingenii
737 2240 1114 2305 Atheniensis
1141 2242 1242 2304 ille
1261 2243 1443 2304 fuisse
1455 2241 1912 2311 Themistocles;
1945 2242 2018 2303 ad
2039 2261 2217 2322 quem
2240 2242 2478 2323 quidam
2511 2243 2725 2304 doctus

484 2327 664 2388 homo
694 2335 871 2407 atque
897 2328 959 2388 in
991 2329 1200 2407 primis
1218 2327 1486 2389 eruditus
1507 2329 1825 2390 accessisse
1848 2326 2063 2389 dicitur
2084 2329 2259 2408 eique
2280 2335 2467 2389 artem
2492 2346 2720 2389 memo-

481 2412 626 2482 riae,
658 2431 810 2490 quae
839 2419 964 2472 tum
993 2414 1254 2491 primum
1283 2411 1718 2492 proferebatur,
1751 2412 2047 2492 pollicitus
2072 2431 2202 2475 esse
2232 2431 2297 2474 se
2325 2412 2718 2484 traditurum;

488 2513 623 2556 cum
662 2495 764 2557 ille
807 2498 1149 2577 quaesisset,
1191 2497 1472 2577 quidnam
1501 2495 1600 2558 illa
1632 2513 1728 2558 ars
1758 2497 1997 2557 efficere
2025 2504 2245 2577 posset,
2291 2497 2508 2558 dixisse
2549 2496 2719 2559 illum

486 2578 811 2651 doctorem,
859 2589 924 2641 ut
965 2583 1162 2642 omnia
1202 2582 1585 2652 meminisset,
1630 2591 1689 2642 et
1727 2583 1781 2641 ei
1811 2580 2268 2642 Themistoclem
2316 2582 2717 2661 respondisse,

481 2665 707 2741 gratius
735 2665 849 2725 sibi
875 2665 1044 2727 illum
1089 2683 1218 2726 esse
1246 2666 1558 2736 facturum,
1601 2667 1656 2726 si
1694 2684 1758 2725 se
1798 2664 2065 2726 oblivisci
2107 2683 2260 2745 quae
2301 2664 2492 2735 vellet,
2536 2684 2716 2745 quam

344 2761 454 2813 300
482 2749 533 2808 si
561 2750 903 2810 meminisse
934 2749 1249 2811 docuisset.
1318 2750 1573 2811 Videsne
1613 2767 1764 2828 quae
1794 2751 1882 2809 vis
1920 2751 1983 2809 in
2014 2750 2257 2811 homine
2299 2752 2582 2811 acerrimi
2622 2752 2717 2811 in·-

480 2833 655 2906 genii‚
700 2850 878 2911 quam
909 2841 1122 2912 potens
1151 2841 1211 2894 et
1239 2852 1413 2914 quam
1446 2834 1766 2895 vehemens
1793 2834 2009 2895 fuerit?
2048 2836 2151 2913 qui
2190 2835 2271 2894 ita
2312 2835 2711 2914 responderit,

476 2921 545 2973 ut
569 2914 919 2993 intellegere
947 2935 1274 2995 possemus,
1319 2917 1469 2979 nihil
1499 2936 1572 2978 ex
1600 2915 1758 2978 illius
1786 2920 2001 2989 animo,
2033 2917 2191 3017 quod
2220 2916 2405 2979 semel
2434 2927 2593 2979 esset
2619 2921 2716 2979 in-

475 2997 692 3068 fusum,
723 3016 1004 3077 umquam
1036 3001 1281 3061 effluere
1310 3003 1605 3080 potuisse;
1649 3021 1783 3064 cum
1814 3003 2053 3082 quidem
2094 3005 2151 3062 ei
2177 3003 2359 3064 fuerit
2391 3002 2715 3082 optabilius

475 3079 744 3143 oblivisci
785 3100 960 3161 posse
1005 3086 1202 3163 potius
1242 3085 1400 3165 quod
1447 3088 1788 3148 meminisse
1841 3084 2054 3152 nollet.
2105 3105 2283 3167 quam
2325 3086 2482 3167 quod
2525 3087 2714 3148 semel

539 3350 642 3386 non
665 3350 795 3400 opus
818 3347 912 3385 etc.
931 3350 1073 3402 ,pro
1101 3334 1537 3400 Cluent.50,140‚

474 3417 517 3453 β
538 3400 762 3531 ἕ4ῗ7300.
798 3487 946 3535 quam
971 3478 1161 3535 potens
1191 3478 1244 3520 et
1275 3487 1421 3536 quam
1453 3487 1541 3522 ve-

468 3536 671 3588 hemena·
694 3536 859 3599 (deun
886 3553 945 3587 so
971 3539 1040 3587 ist
1061 3537 1445 3589 unzweifelhaft
1470 3555 1537 3588 zu

466 3603 628 3665 lesen,
652 3620 695 3656 s.
717 3605 897 3654 d.krit.
921 3605 1162 3670 Anhang)
1198 3605 1293 3654 Die
1312 3603 1540 3656 Geistes·

463 3670 602 3722 kraft
620 3672 712 3721 des
729 3671 1102 3723 Themistokles
1129 3674 1294 3738 zeigte
1317 3672 1424 3723 sich
1450 3688 1535 3723 so·

427 3792 433 3797 ,
465 3738 563 3789 wol
585 3739 757 3800 darin,
795 3739 917 3789 dass
942 3754 996 3789 er
1026 3741 1152 3790 alles
1176 3741 1391 3803 dessen,
1426 3755 1534 3792 was

462 3807 517 3856 in
543 3806 641 3855 deu
667 3805 877 3855 Bereich
912 3808 1082 3856 seiuer
1112 3808 1365 3872 geistigen
1391 3806 1532 3859 'rhi-

460 3874 645 3939 tigkeit
697 3875 843 3933 kam,
902 3874 1246 3925 vollkommeu
1304 3875 1533 3941 machtig

460 3942 624 4003 ward,
661 3956 717 3991 es
741 3941 1030 4006 bewiiltigte
1053 3942 1161 3991 und
1185 3958 1259 3991 zu
1284 3944 1527 3992 seinem

460 4009 796 4074 geistigen
853 4010 1193 4073 Eigentum
1250 4008 1525 4071 machte,

459 4075 539 4122 als
562 4075 693 4124 anch
716 4076 1084 4126 insbesondere
1108 4077 1280 4138 darin,
1315 4077 1436 4127 dass
1474 4093 1530 4127 er

460 4140 630 4189 dieses
650 4156 758 4190 sem
769 4143 1042 4207 Eigentum
1060 4143 1196 4193 nicht
1212 4115 1525 4194 wi’ederver·

436 4204 563 4266 λοι,
612 4208 831 4257 sondern
871 4209 956 4257 die
995 4210 1369 4275 emplhngenon
1400 4211 1528 4260 Ein-

1639 3337 1832 3387 driicke
1866 3339 1974 3387 und
2009 3338 2102 3388 das
2145 3352 2463 3404 gewonnene
2494 3338 2709 3389 Wissen

1639 3405 1821 3454 stark
1878 3405 2004 3455 und
2062 3404 2307 3468 kraftig
2374 3405 2705 3457 festhielt.

1635 3467 1773 3551 Sos.
1799 3470 1884 3524 73.
1902 3471 2021 3522 200.
2049 3473 2218 3532 Quint.
2238 3472 2336 3523 ΧΠ
2364 3472 2443 3531 11,
2465 3483 2515 3523 10
2539 3490 2705 3537 quan-

1635 3548 1688 3588 ta
1707 3540 1775 3588 sit
1792 3536 2029 3589 humani
2018 3541 2209 3604 mgenii
2229 3541 2324 3602 vis,
2348 3554 2499 3603 quam
2518 3548 2708 3605 potens

1638 3606 1895 3656 efficiendi
1913 3621 2042 3669 quae
2059 3608 2198 3659 velit.
2237 3607 2311 3657 lX
2333 3606 2384 3670 3,
2408 3617 2461 3657 ⁷2
2483 3610 2561 3658 sic
2577 3624 2702 3660 con·

1636 3674 1813 3738 tingit,
1846 3683 1903 3724 ut
1927 3675 2113 3738 aliquis
2138 3691 2324 3725 sensus
2356 3676 2621 3726 vehemens
2655 3686 2705 3727 et

1636 3756 1753 3791 acer
1776 3750 2094 3791 venustatem
2130 3744 2348 3806 aliquam
2374 3769 2441 3778 —
2465 3745 2702 3808 accipiat.

1700 3812 1840 3875 quod
1879 3812 2034 3860 semel
2086 3817 2224 3860 essee
2275 3810 2518 3874 infusum,
2578 3812 2700 3862 Hor.

1632 3878 1782 3942 epist.
1805 3879 1826 3926 1
1848 3876 1901 3940 2,
1922 3885 1973 3926 69
1998 3877 2107 3936 Quo
2127 3878 2282 3927 semel
2303 3886 2381 3927 est
2403 3879 2595 3928 imbuta
2617 3895 2700 3929 re·

1630 3958 1751 3993 cens
1776 3945 1998 3994 servabit
2019 3945 2229 3995 odorem
2250 3946 2403 3993 Testa
2427 3945 2534 3995 diu.

1697 4012 1933 4076 effluere,
1974 4012 2041 4061 ad
2064 4012 2202 4062 Fam.
2230 4013 2322 4061 Vll
2349 4011 2489 4073 14,1
2532 4014 2579 4063 si
2603 4028 2699 4064 no-

1625 4078 1721 4127 stri
1742 4078 1934 4129 oblitus
1958 4095 2031 4142 es,
2056 4072 2211 4130 dabo
2217 4094 2442 4145 operam,
2476 4090 2530 4130 ιιι
2563 4082 2697 4130 istuc

1628 4146 1832 4265 vleflniam
1853 4157 1971 4195 ante
1990 4161 2142 4208 quam
2160 4146 2313 4212 plane
2331 4163 2397 4198 ex
2417 4149 2587 4199 animo
2606 4157 2696 4198 tuo

1627 4226 1656 4260 e
1715 4226 1800 4265 no,
