2930 4693
860 222 957 287 DE
988 220 1343 286 ORATORE
1370 221 1397 284 Ι
1424 221 1528 284 56.
1561 226 1869 283 238—240.
2390 224 2472 289 85

228 394 431 475 possit.
505 393 655 455 Nam
699 392 857 475 quod
895 394 1179 455 maximas
1220 389 1670 455 centumvirales
1710 409 1916 454 causas
1955 392 2018 452 in
2058 393 2187 454 iure
2214 391 2434 473 positas
2460 398 2564 452 238

228 478 542 559 protulisti,
574 497 724 559 quae
740 478 978 540 tandem
992 497 1194 540 earum
1208 496 1382 540 causa
1411 476 1539 548 fuit,
1569 495 1720 558 quae
1750 475 1825 538 ab
1853 476 2094 538 homine
2123 476 2437 558 eloquenti,

226 565 377 626 iuris
404 564 710 644 immrito,
754 583 875 626 non
905 565 1281 626 ornatissime
1320 564 1581 645 potuerit
1622 560 1773 624 dici?
1845 561 2069 635 Quibus
2109 560 2347 643 quidem
2376 563 2439 622 in

229 650 423 712 causis
452 648 740 721 omnibus,
773 652 926 712 sicut
950 651 1014 710 in
1042 651 1169 730 ipsa
1189 648 1284 710 Μ’.
1313 649 1492 721 Curii,
1524 665 1674 729 quae
1696 646 1801 711 abs
1835 654 1895 709 te
1924 666 2116 729 nuper
2146 654 2235 709 est
2263 647 2438 718 dicta,

232 742 292 796 et
335 736 398 797 in
442 735 504 797 C.
552 733 787 796 Hostilii
814 735 1071 797 Mancini
1100 734 1498 796 controversia
1540 740 1713 813 atque
1750 733 1816 793 in
1858 751 1927 794 eo
1956 751 2144 813 puero
2167 779 2184 803 ,
2238 734 2341 814 qui
2368 751 2440 793 ex

232 819 420 882 altera
449 827 622 881 natus
652 827 780 882 erat
804 837 991 882 uxore
1014 867 1031 891 ,
1085 838 1204 881 non
1233 820 1483 881 remisso
1515 819 1723 879 nuntio
1764 820 2058 898 superiori
2079 867 2095 889 ,
2139 817 2248 880 suit
2284 819 2441 878 inter

230 906 616 985 peritissimos
644 906 916 968 homines
943 923 1171 967 summa
1200 903 1272 965 de
1302 905 1431 965 iure
1461 902 1767 965 dissensio.
1807 903 2039 976 Quaero
2066 904 2264 982 igitur,
2296 900 2437 983 quid
2466 914 2568 966 239

232 989 520 1051 adiuverit
548 998 845 1053 oratorem
874 993 938 1052 in
977 990 1070 1051 his
1099 990 1291 1052 causis
1330 990 1478 1050 iuris
1508 990 1781 1059 scientia,
1827 1007 1962 1051 cum
1993 989 2091 1050 hic
2118 990 2267 1050 iuris
2296 1006 2436 1048 con·

232 1074 420 1138 sultus
460 1077 732 1156 superior
761 1075 940 1138 fuerit
968 1075 1362 1146 discessurus,
1412 1076 1514 1155 qui
1544 1082 1699 1135 esset
1728 1092 1848 1135 non
1876 1092 1984 1137 suo
2014 1073 2293 1144 artificio,
2336 1071 2441 1135 sed

232 1159 450 1231 alieno,
501 1161 615 1222 hoc
670 1168 785 1233 est,
839 1180 958 1224 non
998 1162 1145 1223 iuris
1194 1162 1469 1231 scientia,
1521 1159 1626 1221 sed
1680 1158 2014 1240 eloquentia
2064 1157 2441 1221 sustentatus.

232 1245 521 1327 Equidem
560 1246 675 1308 hoc
724 1265 901 1328 saepe
951 1247 1176 1317 audivi,
1221 1264 1355 1308 cum
1407 1244 1765 1306 aedilitatem
1815 1246 1880 1306 P.
1914 1246 2159 1308 Crassus
2209 1249 2442 1324 peteret

234 1350 486 1412 eumque
514 1333 704 1394 maior
732 1339 874 1394 natu
904 1338 964 1393 et
990 1334 1108 1392 iam
1137 1331 1462 1393 consularis
1477 1330 1605 1393 Ser.
1622 1328 1806 1392 Galba
1836 1330 2254 1401 adsectaretur,
2286 1327 2442 1411 quod

234 1417 380 1478 Gaio
422 1415 541 1478 filio
583 1416 763 1480 filiam
793 1435 960 1479 suam
990 1416 1422 1498 despondisset,
1465 1417 1781 1476 accessisse
1823 1415 1897 1476 ad
1927 1416 2201 1478 Crassum
2232 1433 2443 1476 consu·

233 1500 399 1562 lendi
419 1520 592 1565 causa
616 1503 911 1584 quendam
935 1503 1314 1573 rusticanum,
1347 1503 1448 1582 qui
1471 1518 1604 1562 cum
1620 1501 1893 1563 Crassum
1915 1498 2242 1562 seduxisset
2270 1507 2444 1580 atque

148 1635 153 1639 .
234 1585 309 1647 ad
331 1604 466 1651 eum
494 1586 818 1650 rettulisset
839 1605 1308 1668 responsumque
1324 1586 1397 1648 ab
1414 1605 1486 1648 eo
1500 1604 1706 1648 verum
1736 1587 1937 1665 magis,
1969 1603 2146 1666 quam
2176 1584 2250 1646 ad
2278 1602 2444 1646 suam

235 1689 362 1733 rem
392 1671 899 1736 accommodatum
923 1672 1256 1734 abstulisset
1269 1693 1284 1742 ;
1318 1680 1381 1733 ut
1409 1690 1545 1734 eum
1577 1672 1803 1732 tristem
1817 1669 2001 1732 Galba
2022 1670 2181 1741 vidit,
2206 1670 2445 1731 nomine

235 1756 546 1836 appellavit
575 1759 975 1839 quaesivitque
1013 1777 1133 1838 qua
1175 1756 1249 1819 de
1278 1775 1346 1818 re
1387 1757 1460 1818 ad
1492 1757 1767 1819 Crassum
1802 1749 2143 1817 rettulisset.
2212 1754 2299 1816 Ex
2328 1773 2444 1834 quo

233 1848 300 1903 ut
328 1842 547 1905 audivit
575 1850 1050 1923 commotumque
1072 1850 1138 1905 ut
1157 1842 1300 1904 vidit
1327 1843 1647 1914 hominem,
1664 1841 1977 1923 Suspenso,
2008 1841 2217 1921 inquit,
2249 1840 2445 1901 animo

234 1934 295 1988 et
324 1935 612 2009 occupato
643 1929 916 1991 Crassum
946 1927 1054 1989 tibi
1084 1928 1458 2009 respondisse
1487 1927 1683 1998 video;
1716 1926 1929 1988 deinde
1957 1928 2150 2006 ipsum
2165 1927 2439 1989 Crassum
2469 1931 2573 1984 240

233 2029 417 2074 manu
444 2011 763 2092 prehendit
792 2020 879 2084 et,
910 2012 1069 2074 Heus
1099 2020 1191 2084 tu,
1221 2013 1440 2093 inquit,
1486 2012 1627 2094 quid
1657 2011 1763 2074 tibi
1791 2013 1857 2073 in
1885 2019 2145 2073 mentem
2174 2011 2335 2073 venit
2360 2012 2443 2072 ita

231 2096 637 2177 respondere?
666 2097 817 2160 Tum
845 2095 946 2158 ille
973 2097 1224 2160 fidenter
1251 2099 1429 2159 homo
1469 2099 1862 2179 peritissimus
1893 2097 2243 2159 confirmare
2270 2098 2353 2157 ita
2382 2113 2446 2157 se

231 2199 364 2243 rem
393 2181 632 2254 habere,
664 2191 728 2245 ut
755 2182 1173 2266 respondisset,
1204 2202 1316 2245 nec
1346 2182 1590 2245 dubium
1620 2202 1749 2246 esse
1776 2202 1969 2265 posse.
2032 2181 2216 2243 Galba
2246 2188 2441 2242 autem

232 2265 520 2330 adludens
564 2269 723 2330 varie
774 2275 836 2330 et
883 2270 1119 2352 copiose
1156 2268 1371 2331 multas
1410 2267 1822 2331 similitudines
1862 2267 2097 2330 adferre
2148 2266 2449 2346 multaque

234 2371 352 2433 pro
382 2355 676 2435 aequitate
705 2362 912 2418 contra
948 2356 1042 2417 ius
1083 2355 1313 2427 dicere;
1360 2362 1536 2437 atque
1564 2353 1759 2427 illum,
1801 2373 1936 2416 cum
1966 2352 2311 2415 disserendo
2339 2370 2450 2433 par

302 2566 396 2609 238.
409 2558 506 2609 Μ’.
526 2559 681 2623 Curii,
697 2558 729 2623 §
744 2557 857 2623 180,
870 2560 1026 2611 s.ind.
1037 2569 1290 2611 centumv.

232 2626 477 2686 Hostilii,
503 2625 535 2690 S
561 2626 678 2681 181.
707 2644 898 2693 puero,
922 2628 956 2691 S
975 2625 1090 2679 183.

302 2702 397 2746 239.
435 2710 537 2746 non
558 2710 651 2747 suo
673 2698 892 2759 artificio
906 2731 920 2744 .
957 2694 1112 2745 ‘nicht
1135 2694 1294 2747 durch

233 2764 377 2813 scine
411 2761 830 2823 Fachkenntnis’,
873 2763 957 2813 die
1001 2762 1105 2813 ihm
1147 2764 1201 2813 in
1234 2778 1293 2814 so

233 2830 496 2895 streitigen
520 2830 691 2881 Fauen
715 2832 866 2882 ωηο
886 2818 1147 2882 Auskmfft
1167 2831 1296 2897 giht.

1392 2558 1484 2610 her
1515 2558 1650 2621 hier,
1683 2558 1779 2609 wie
1810 2558 1951 2608 Brut.
1977 2556 2069 2619 26,
2103 2566 2155 2609 98
2186 2557 2331 2608 cuius
2356 2555 2450 2621 (sc.

1394 2626 1609 2692 Galbae)
1645 2625 1769 2676 Gaio
1804 2626 1907 2675 filio
1939 2626 2090 2676 filiam
2126 2640 2272 2676 suam
2296 2625 2450 2676 collo-

1394 2702 1599 2745 caverat
1620 2692 1722 2760 (sc.
1737 2692 1994 2759 Crassus).
2020 2710 2064 2745 s.
2084 2694 2202 2744 krit.
2214 2692 2462 2759 Anhang.

1396 2764 1752 2829 despondisset
1806 2760 2039 2812 schliesst
2082 2762 2193 2813 sich
2233 2777 2334 2828 eng
2387 2777 2453 2813 an

1397 2846 1601 2897 eumque
1632 2830 1973 2881 adsectaretur
2004 2846 2096 2892 an;
2138 2830 2295 2882 daher
2324 2829 2454 2882 auch

303 2906 721 2963 cum—peteret,
747 2897 906 2949 nach
931 2899 1117 2951 Galba·
1141 2896 1297 2965 (144)

232 2963 289 3016 u'.
310 2982 338 3017 v
353 2980 417 3016 or
433 2966 491 3016 P.
507 2967 719 3019 Crassus
738 2965 1165 3033 (131)consu1at,
1187 2968 1297 3018 also

235 3042 366 3083 etwa
405 3033 543 3084 nicht
582 3036 730 3102 lange
763 3035 891 3086 nach
937 3037 1054 3087 dem
1094 3037 1141 3088 J.
1182 3034 1296 3086 140.

235 3102 302 3152 P.
331 3101 573 3165 Crassus,
599 3118 642 3155 s.
659 3104 767 3155 iud.
793 3104 992 3155 Licinii.

305 3172 685 3232 adsectaretur,
712 3188 796 3222 um
822 3172 910 3222 ihn
936 3172 1094 3223 durch
1116 3173 1293 3224 seinen

234 3238 458 3288 Einssuss
482 3239 566 3289 bei
591 3240 680 3290 der
702 3240 1016 3307 Bewerbuug
1040 3258 1105 3292 zu
1121 3252 1293 3292 unter-

235 3309 454 3359 stiitzen.

309 3374 436 3425 Gaio
453 3376 562 3439 filio
580 3377 739 3440 filiam
758 3391 901 3426 suam
922 3377 1295 3441 despondisset,

236 3440 379 3492 Nach
404 3442 563 3493 Varro
598 3442 662 3492 de
683 3443 742 3493 L.
768 3444 827 3493 L.
861 3444 933 3493 VI
957 3443 1020 3493 71
1057 3445 1142 3507 qui
1174 3459 1295 3510 spo·

235 3511 486 3575 ponderat
508 3510 663 3560 filiam
688 3513 1021 3576 despondisse
1039 3512 1300 3561 dicebatur

237 3579 354 3640 (mit
388 3579 479 3629 der
515 3578 789 3629 seltsamen
813 3579 1128 3645 Etymologie
1161 3579 1300 3643 quod

238 3647 305 3696 de
316 3657 499 3711 sponte
509 3648 619 3698 eius
637 3648 691 3697 id
710 3654 788 3697 est
805 3647 870 3697 de
886 3647 1146 3697 voluntate
1163 3648 1301 3697 exie-

238 3713 805 3781 rat)wirddespondere
828 3732 856 3766 v
874 3715 1174 3766 omVater
1191 3716 1303 3766 der

237 3781 436 3832 Braut
480 3793 686 3848 gesagt,
743 3784 834 3834 der
899 3784 1042 3834 aeine
1087 3782 1303 3833 Tochter

240 3849 402 3900 durch
436 3852 535 3901 den
569 3850 933 3915 Sponsionsact
966 3866 1067 3903 von
1099 3851 1209 3902 sich
1244 3854 1297 3901 in

239 3918 323 3968 die
382 3933 563 3970 manus
607 3920 699 3969 des
744 3920 955 3970 Mannes
1016 3921 1150 3986 gibt,
1203 3920 1299 3970 wie

238 3984 370 4036 auch
392 3985 559 4044 ,schon
593 3990 686 4037 aus
720 3987 810 4037 der
831 3991 1061 4038 Antwort
1091 3987 1297 4039 hervor-

240 4052 389 4118 geht,
417 4055 500 4105 die
524 4054 613 4105 der
636 4055 792 4105 Vater
815 4056 908 4106 der
928 4055 1081 4107 Braut
1103 4056 1197 4107 auf
1214 4056 1299 4106 die

239 4121 452 4172 solenne
474 4122 637 4189 Frage
660 4122 751 4174 des
776 4125 958 4174 Vaters
981 4122 1075 4175 des
1098 4123 1295 4175 Brfiuti-

238 4204 386 4253 gams
409 4192 673 4255 ‘sponden’
692 4203 830 4243 tuam
839 4199 1044 4258 gnatam
1055 4191 1157 4243 filio
1170 4207 1298 4244 uxo-

238 4273 345 4310 rem
370 4273 482 4310 meo
493 4256 535 4311 '2’
563 4260 850 4313 erwiderte:
876 4259 1162 4332 ‘spondeo'.
1197 4260 1297 4314 Da-

1399 2900 1491 2950 der
1516 2898 1836 2963 conjunctiv.

1465 2969 1660 3019 nomine
1682 2968 1974 3033 appellavit,
1993 2968 2084 3018 mit
2101 2966 2457 3018 absichtlichcr

1396 3034 1753 3101 Bereclmung,
1780 3035 1892 3085 weil
1917 3034 1976 3085 G.
2002 3036 2099 3086 wol
2122 3045 2335 3097 wusste‚
2358 3036 2456 3087 wie

1396 3106 1678 3155 Vertrauen
1704 3104 1999 3155 erweckend
2030 3105 2216 3170 gerade
2242 3106 2324 3154 ein
2348 3104 2453 3155 sol-

1397 3171 1519 3223 ches
1556 3171 1656 3222 ‘bei
1678 3172 1873 3222 Namen
1906 3176 2139 3235 nennen’‚
2174 3171 2455 3223 besonders

1396 3255 1500 3292 von
1534 3240 1699 3291 einem
1732 3255 1791 3291 so
1826 3238 2128 3290 vernehmen
2154 3240 2341 3304 Herrn,
2368 3239 2463 3290 auf

1397 3309 1499 3359 den
1557 3309 1786 3358 emeinen
1797 3307 1949 3358 Manu
1971 3309 2150 3359 wirkte
2170 3332 2227 3344 -
2248 3304 2457 3373 πατρό-

1395 3376 1511 3433 θεν
1550 3392 1584 3428 κ
1596 3373 1797 3443 γενεῆς
1808 3367 2101 3443 ὀνομάζων
2112 3366 2302 3440 ἄνδρα
2325 3370 2457 3428 Succ-

1397 3459 1530 3497 πον
1552 3445 1696 3497 Hom.
1720 3445 1778 3496 ll.
1803 3446 1862 3505 K,
1886 3442 1970 3495 67.
1995 3443 2260 3495 Thuc.Vll
2284 3442 2455 3502 69—;

1399 3514 1498 3564 den
1529 3513 1723 3563 Namen
1754 3511 1892 3563 hatte
1924 3528 1979 3563 er
2010 3513 2129 3564 aber
2159 3511 2308 3563 rasch
2340 3527 2457 3563 vom

1398 3581 1743 3632 nomenclator
1767 3597 1831 3632 zu
1855 3579 2083 3631 erfahren
2106 3588 2345 3646 gewusst,
2370 3581 2460 3631 der

1395 3649 1453 3714 ja
1493 3649 1772 3700 besonders
1813 3649 1896 3699 bei
1934 3649 2456 3714 Amtsbewerbungen

1402 3718 1485 3767 ein
1503 3716 1765 3782 standiger
1773 3716 2024 3783 Begleiter
2041 3717 2131 3767 der
2147 3716 2457 3770 vornehmen

1401 3785 1589 3837 Riimer
1610 3799 1730 3836 war.

1463 3852 1725 3918 Suspenso
1756 3855 1919 3905 anano
1943 3860 1996 3905 et
2015 3859 2282 3919 occupato,
2297 3852 2351 3903 in
2361 3850 2458 3903 Ge-

1398 3921 1601 3972 danken
1645 3923 1748 3973 und
1788 3922 1880 3972 mit
1909 3921 2100 3972 andern
2136 3923 2333 3988 Dingen
2365 3922 2457 3972 be-

1397 3988 1654 4054 schaftigt.
1701 3990 1840 4040 Brut.
1866 3988 1960 4052 54,
1985 3999 2077 4040 2⁰0.

1467 4066 1561 4107 240.
1609 4059 1886 4121 adludens,
1920 4055 2281 4123 προςπαίζων
2317 4065 2462 4109 unter

1399 4124 1791 4189 mannigl’achen
1832 4126 1937 4176 und
1968 4125 2267 4177 reichlichen
2304 4128 2461 4178 witzi-

1400 4208 1499 4259 gen
1523 4194 1923 4259 Anspielungen.

1468 4262 1842 4329 similitudines,
1866 4262 2082 4333 analoge
2105 4263 2257 4320 Falle-
