2930 4693
444 184 577 250 2¹74
1009 176 1112 240 DE
1156 174 1515 239 ORATORE
1555 174 1637 238 m
1680 174 1784 238 35.
1828 181 1952 238 139.
1991 182 2116 238 140.

445 353 611 419 rent,
657 345 816 427 quod
858 353 983 408 tum
1011 343 1260 408 Athenis
1297 344 1430 406 fleri
1470 341 1720 418 licebat,
1762 343 2032 425 leporem
2072 344 2373 408 habitasse
2413 345 2700 408 dixerunt

445 438 791 512 tantamque
817 431 881 492 in
912 449 984 492 eo
1015 431 1130 491 vim
1159 429 1372 500 fuisse,
1413 434 1482 490 ut
1516 429 1582 489 in
1612 447 1820 491 eorum
1849 429 2149 493 mentibus
2168 479 2183 502 ‚
2227 433 2331 512 qui
2368 431 2696 502 audissent.

443 518 618 598 quasi
643 515 885 578 aculeos
917 514 1206 596 quosdam
1236 512 1625 593 relinqueret.
1702 515 1777 575 At
1822 515 1983 577 hunc
2025 533 2147 576 non
2188 515 2555 578 declamator
2584 515 2696 578 ali·

445 603 584 683 quis
609 600 683 663 ad
713 600 1086 680 clepsydram
1113 597 1336 660 latrare
1366 597 1682 667 docuerat,
1714 598 1849 669 sed,
1890 607 1959 662 ut
1986 600 2353 679 accepimus,
2387 599 2695 663 Clazome-

445 688 585 749 nius
623 684 726 746 ille
765 688 1175 764 Anaxagoras,
1227 684 1316 744 vir
1358 698 1629 744 summus
1655 684 1721 744 in
1750 685 2147 746 maximarum
2182 702 2391 747 rerum
2420 686 2692 746 scientia.

445 771 656 852 ltaque
683 770 784 832 hic
813 769 1103 838 doctrina,
1133 766 1414 838 consilio,
1446 764 1785 848 eloquentia
1815 767 2115 831 excellens
2144 770 2540 849 quadraginta
2584 786 2692 830 an·

445 857 542 918 nis
581 853 839 936 praefuit
867 854 1116 915 Athenis
1158 859 1217 913 et
1257 850 1506 916 urbanis
1550 851 1762 915 eodem
1804 861 2079 933 tempore
2121 863 2182 915 et
2219 852 2451 916 bellicis
2484 853 2691 916 rebus.

307 946 410 1002 139
444 939 599 1013 Quid
620 939 890 1002 seritius?
934 937 1076 1019 quid
1105 935 1475 998 Alcibiades?
1533 936 1864 998 civitatibus
1904 939 2028 999 suis
2068 938 2308 1019 quidem
2353 956 2475 1002 non
2527 937 2690 1012 boni,

446 1024 556 1087 sed
584 1031 750 1086 certe
780 1022 941 1084 docti
980 1029 1159 1102 atque
1199 1019 1578 1102 eloquentes,
1621 1039 1821 1082 nonne
1852 1022 2173 1085 Socraticis
2213 1031 2388 1085 erant
2428 1023 2690 1103 disputa-

446 1107 712 1171 tionibus
740 1106 994 1169 eruditi?
1062 1106 1207 1179 Quis
1234 1104 1487 1168 Dionem
1518 1106 1893 1184 Syracosium
1935 1108 2226 1169 doctrinis
2266 1106 2545 1170 omnihus
2588 1126 2692 1168 ex-

446 1191 685 1274 polivit?
729 1208 850 1253 non
880 1190 1086 1254 Plato?
1128 1197 1306 1271 atque
1335 1205 1472 1252 eum
1502 1190 1663 1252 idem
1690 1189 1790 1252 ille
1820 1208 1943 1252 non
1974 1190 2138 1271 liugn

2138 1210 2209 1254 ae
2238 1191 2450 1263 solum,
2482 1209 2690 1254 verum

447 1279 628 1338 etiam
668 1276 854 1338 animi
892 1294 962 1337 ac
1001 1277 1234 1338 virtutis
1276 1276 1560 1354 magister
1599 1274 1675 1336 ad
1714 1273 2087 1338 liberandam
2127 1278 2382 1357 patriam
2432 1275 2689 1356 impulit,

446 1362 755 1431 instruxit,
801 1361 1066 1423 armavit.
1155 1359 1377 1424 Aliisne
1426 1360 1610 1438 igitur
1655 1359 1884 1424 artibus
1932 1360 2093 1422 hunc
2132 1360 2383 1423 Dionem
2434 1362 2695 1428 instituit

446 1445 633 1516 Plato,
665 1445 796 1508 aliis
825 1445 1116 1507 bocrates
1146 1444 1540 1506 clarissimum
1570 1444 1762 1506 virum
1792 1445 2192 1517 Timotheum,
2224 1446 2486 1509 Cononis
2514 1463 2694 1525 prae-

446 1531 795 1593 stantissimi
822 1530 1200 1610 imperatoris
1227 1528 1442 1599 filium,
1482 1546 1781 1591 summum
1812 1531 2009 1608 ipsum
2037 1532 2465 1611 imperatorem
2495 1530 2693 1591 homi-

447 1632 706 1697 nemque
753 1615 1198 1677 doctissimum?
1242 1620 1345 1675 aut
1384 1611 1518 1676 aliis
1555 1613 1965 1693 Pythagoreus
2006 1614 2108 1675 ille
2136 1615 2305 1695 Lysis
2334 1613 2692 1676 Thebanum

445 1698 937 1780 Epaminondam,
969 1699 1129 1762 haud
1157 1700 1286 1762 scio
1305 1715 1384 1759 an
1405 1715 1704 1760 summum
1725 1699 1916 1761 vitum
1940 1716 2125 1760 unum
2150 1701 2345 1761 omnis
2364 1699 2694 1761 Graeciae?

446 1791 549 1846 aut
576 1784 910 1864 Xenophon
938 1782 1311 1862 Agesilaum?
1340 1790 1444 1844 aut
1461 1780 1767 1844 Philolaus
1786 1783 2105 1864 Archytam
2130 1783 2556 1846 Tarentinum?
2585 1790 2699 1844 aut

445 1870 576 1950 ipse
603 1869 970 1947 Pythagoras
997 1874 1182 1930 totam
1211 1866 1374 1928 illam
1402 1874 1667 1928 veterem
1695 1866 1897 1929 ltaliae
1928 1869 2271 1940 Graeciam,
2314 1886 2466 1949 quae
2494 1885 2696 1947 quon-

447 2167 491 2205 ε.
514 2169 565 2220 g.
591 2153 727 2204 alten
742 2153 990 2205 Komiidie
1013 2154 1083 2204 im
1104 2153 1153 2204 5.
1170 2150 1518 2232 Jahrhundert

444 2221 825 2341 ἷξὲἑιῖἐεῗᾘον.
852 2232 950 2273 sat.
986 2223 1010 2272 1
1039 2222 1104 2281 4,
1141 2229 1163 2271 ι
1187 2219 1512 2316 Ε.),“ο.ιιιά.

504 2377 644 2440 quod
668 2374 992 2426 mAthem’s
1006 2376 1130 2440 fieri
1148 2375 1354 2435 licebat,
1378 2375 1514 2425 deun

445 2445 620 2508 spiter
666 2459 757 2492 zur
799 2444 911 2493 Zeit
957 2443 1049 2493 der
1089 2444 1297 2508 triginta
1343 2443 1516 2493 wurde

447 2510 591 2560 diese
614 2508 1031 2562 Biihneufreiheit
1062 2509 1372 2562 beschriinkt
1405 2510 1515 2560 uud

447 2577 609 2628 durch
643 2580 724 2628 ein
769 2578 1080 2630 besonderes
1116 2575 1300 2628 Gesetz
1337 2586 1511 2627 unter-

446 2654 580 2712 ιιιςι,
592 2646 813 2698 lebende
823 2647 1082 2697 Personen
1102 2647 1152 2695 in
1165 2646 1257 2696 der
1265 2645 1514 2696 Komodie

445 2730 516 2765 su
537 2723 851 2779 verspotten‚
876 2714 973 2763 wie
995 2714 1078 2764 die
1095 2713 1298 2765 Dichter
1321 2713 1413 2764 der
1434 2713 1514 2763 al-

444 2790 530 2831 ten
573 2782 821 2833 Komiidie
868 2778 1159 2832 offentliche
1207 2780 1514 2831 Charaktere

445 2846 650 2913 (meon,
675 2849 1016 2914 Hyperbolus,
1037 2848 1230 2911 Nikias‚
1245 2848 1512 2912 Sokrates)

445 2916 523 2965 als
545 2917 804 2966 Vertreter
826 2916 1087 2967 bestimter
1107 2915 1433 2982 Richtungen
1458 2918 1513 2966 in

443 2982 587 3033 ihren
601 2982 825 3034 Stiiclten
845 2983 941 3034 auf
954 2983 1039 3034 die
1048 2982 1226 3034 Biihne
1249 2983 1512 3047 bruchton,

444 3051 610 3102 multa
633 3065 748 3101 cum
772 3051 1007 3101 libertate
1030 3054 1290 3103 notabant.

501 3135 874 3201 leporem‚oder
891 3129 1345 3201 suadammetod,
1360 3150 1513 3198 quam

446 3202 596 3253 deam
618 3203 670 3253 iu
689 3203 872 3253 Pericli
896 3204 1048 3255 labris
1073 3204 1282 3270 scripsit
1298 3203 1513 3270 Eupolis

445 3271 789 3335 sessitavisse‚
813 3272 961 3325 Brut.
988 3270 1067 3336 15,
1096 3280 1164 3322 59.

512 3357 843 3419 declamator,
863 3356 1003 3407 nicht
1024 3356 1280 3416 clamator,
1303 3355 1399 3405 wie
1418 3370 1510 3420 ge-

442 3422 699 3474 wiihnlich
715 3425 923 3490 gelesen
943 3423 1097 3482 wird;
1124 3439 1179 3473 es
1197 3422 1376 3473 stehen
1396 3422 1512 3474 sich

441 3488 559 3541 hier
579 3491 720 3541 nicht
744 3488 866 3555 (wie
888 3508 933 3542 z.
947 3491 1003 3545 Β.
1022 3488 1261 3553 Brut,49‚
1283 3489 1381 3556 182)
1401 3490 1510 3541 cla-

439 3567 611 3610 mator
638 3575 685 3609 u.
711 3568 904 3621 orator,
942 3558 1165 3608 sondern
1198 3558 1511 3613 declamator

445 3626 511 3676 de
535 3625 654 3676 ludo
673 3624 784 3691 (Or.
809 3624 889 3688 15,
915 3624 993 3689 4⁷)
1016 3624 1093 3676 als
1111 3624 1300 3676 Lehrer
1317 3642 1370 3677 u.
1390 3626 1511 3693 phi-

442 3692 693 3760 losophus
720 3703 989 3758 entgegen,
1017 3695 1040 3743 1
1063 3691 1149 3754 46,
1173 3703 1270 3745 202.

511 3780 585 3829 ad
614 3780 691 3831 cle
728 3778 962 3841 sydrum,
1012 3778 1095 3828 die
1127 3777 1508 3830 Wasseruhren

441 3844 651 3896 dienten
713 3846 810 3897 wie
841 3845 896 3895 in
921 3844 1088 3897 Athen
1123 3846 1232 3896 und
1253 3848 1429 3913 spiter
1451 3847 1507 3899 in

441 3912 573 3964 Rom
597 3913 684 3963 bei
707 3911 1031 3965 efflentlichen
1043 3912 1508 3980 Verbandlungen)

441 3980 575 4032 anch
605 3981 692 4031 bei
721 3979 1068 4033 rhetorischen
1104 3980 1507 4048 Schuliibungen

439 4050 598 4110 decu,
619 4048 705 4099 die
723 4048 895 4100 Donet·
911 4049 1006 4100 des
1016 4050 1261 4115 Vortrags
1284 4049 1508 4101 darnach

442 4130 511 4164 zu
543 4116 865 4166 bestimmen.
936 4117 1087 4168 Tusc.
1115 4118 1161 4171 11
1184 4116 1280 4178 27,
1305 4126 1363 4168 67
1394 4132 1508 4169 cras

441 4195 566 4245 ergo
611 4183 682 4232 ad
711 4183 1038 4249 depsydram
1069 4198 1152 4235 eu.⁴
1188 4183 1511 4237 declamandi

273 1947 625 2023 3514odam
653 1969 873 2031 magna
900 1954 1154 2014 vocitata
1183 1952 1308 2012 est?
1365 1950 1659 2031 Equidem
1690 1969 1812 2013 non
1840 1952 2122 2016 arbitror.
2176 1954 2277 2015 Sic
2305 1953 2466 2015 enim
2493 1950 2697 2024 video,

1615 2152 1655 2202 i.
1689 2165 1737 2201 e.
1769 2150 2051 2203 rhetoricas
2094 2153 2488 2205 exercitationes
2531 2155 2698 2205 insti·

1615 2229 1838 2270 tnemns.
1864 2222 2080 2280 lauare,
2101 2222 2297 2287 gerade
2311 2223 2383 2272 im
2394 2222 2696 2287 Gegensatz

1619 2303 1684 2337 zu
1703 2288 1795 2339 der
1812 2288 2242 2355 suaviloquentia,
2254 2304 2387 2355 quae
2407 2305 2544 2341 nunc
2564 2291 2694 2354 qui-

1618 2357 1734 2406 dem
1760 2371 1861 2407 non
1888 2366 1991 2407 tem
2017 2359 2164 2408 estin
2184 2359 2472 2424 plerisque3
2497 2360 2698 2410 latrant

1617 2425 1753 2473 enim
1772 2424 1978 2489 quidam
1999 2434 2244 2489 oratores,
2264 2440 2364 2477 non
2389 2426 2695 2490 loquuntur,

1617 2490 1760 2545 Bmt.
1789 2490 1871 2552 15,
1897 2501 1967 2543 es.

1684 2561 2032 2625 quadr-afflata
2052 2562 2204 2612 annis
2228 2586 2292 2597 —-
2314 2561 2413 2611 wie
2437 2559 2571 2611 auch
2590 2560 2698 2612 der

1615 2627 1825 2679 Abrinc.
1851 2643 1905 2678 u.
1931 2628 2085 2679 beide
2100 2628 2204 2679 Erl.
2227 2628 2414 2690 haben,
2442 2628 2697 2681 wabrensi

1617 2695 1702 2746 die
1725 2694 2073 2761 Vulgatlesart
2096 2711 2261 2746 annos
2294 2697 2386 2758 ist,
2424 2698 2469 2746 11
2508 2694 2595 2759 18,
2635 2706 2698 2748 76

1613 2771 1691 2813 tot
1714 2764 1878 2825 annis,
1912 2762 2120 2814 Schultz
2144 2761 2176 2831 S
2200 2762 2302 2814 258
2339 2766 2403 2813 A.
2428 2765 2461 2814 2
2486 2780 2537 2815 u.
2560 2761 2696 2816 296.

1651 2831 1989 2896 uadrayt’nta,
2023 2832 2077 2881 in
2110 2832 2300 2882 runder
2323 2831 2473 2894 Zahl,
2508 2831 2693 2882 iudom

1657 2899 1722 2948 ic.
1760 2907 1889 2947 etwa
1934 2913 2038 2949 von
2086 2899 2295 2950 Cimone
2329 2901 2697 2968 Verbannung

1614 2967 1686 3017 im
1711 2966 1759 3016 J.
1783 2964 1886 3017 465
1909 2981 1972 3017 an
1998 2966 2224 3029 reclinet,
2249 2969 2271 3017 I
2295 2965 2381 3023 50.
2406 2976 2502 3018 216.

1684 3041 1778 3086 1311.
1802 3049 1905 3085 non
1921 3034 2055 3093 boni,
2082 3034 2221 3085 nicht
2234 3050 2335 3085 von
2357 3034 2545 3101 Sesea,
2567 3035 2696 3086 Gri-

1613 3102 1715 3152 tias
1735 3100 1815 3152 als
1836 3102 1979 3152 einer
2000 3103 2093 3152 der
2115 3103 2358 3168 dreissig‚
2391 3103 2695 3156 Alcibiades

1612 3170 1670 3219 in
1693 3167 1839 3218 mehr
1861 3169 1938 3219 als
1963 3171 2103 3220 einer
2127 3170 2442 3237 Beziehung.

1683 3238 1850 3297 docti,
1885 3238 1978 3288 mit
2001 3238 2298 3304 Beziehung
2319 3238 2528 3302 darauf,
2555 3239 2693 3292 dass

1619 3303 1802 3357 Critias
1823 3304 1957 3356 auch
1972 3302 2185 3356 'Dichter
2208 3321 2329 3356 war.

1678 3372 1879 3424 Aliisne
1914 3381 2041 3435 etc..
2085 3373 2177 3424 der
2206 3373 2485 3440 Philosoph
2518 3372 2696 3425 sowol

1611 3442 1709 3492 wie
1732 3440 1824 3491 der
1847 3440 2039 3492 Rhetor
2060 3456 2231 3493 waren
2267 3442 2415 3492 beide
2441 3442 2692 3507 zugleich

1611 3508 1801 3559 Lehrer
1825 3508 1915 3558 der
1931 3509 2337 3561 bedenteudsten
2360 3509 2695 3561 Steatsman-

1612 3591 1734 3641 ner,
1758 3576 1825 3627 de
1847 3577 1933 3629 off.
1961 3577 2099 3637 144,
2128 3586 2204 3628 155
2235 3586 2390 3641 atque
2412 3574 2515 3638 illi,
2551 3592 2692 3641 qno—

1610 3660 1724 3695 rum
1759 3645 1929 3694 studia
1962 3645 2173 3707 vitaque
2205 3645 2377 3699 omnis
2419 3647 2471 3695 in
2505 3659 2690 3699 rernm

1612 3712 1904 3778 cognitione
1927 3721 2130 3763 versata
2153 3719 2256 3772 est,
2290 3720 2460 3773 tamen
2494 3714 2559 3764 ab
2582 3726 2692 3763 au-

1608 3779 1793 3846 gendis
1826 3779 2092 3831 hominum
2126 3781 2433 3833 utilitatibus
2464 3790 2516 3830 et
2537 3795 2692 3830 com-

1608 3847 1904 3903 modis:non
1921 3856 2280 3906 recesserunt3·
2296 3862 2414 3901 nam
2432 3857 2483 3899 et
2501 3847 2689 3898 erudi.-

1608 3921 1794 3967 verunt
1812 3916 2019 3975 multos,
2038 3930 2139 3979 quo
2159 3917 2395 3967 meliores
2415 3916 2559 3966 cives
2569 3915 2688 3967 uti-

1607 3982 1867 4045 linteoque
1896 3984 2053 4034 rebus
2082 3985 2195 4035 suis
2229 3984 2450 4050 publicis
2484 3993 2687 4045 cuent,

1607 4058 1667 4101 ut
1675 4049 1971 4101 Thebanum
1983 4051 2391 4118 Epaminondam
2408 4051 2559 4116 Lysis
2570 4051 2686 4115 Py·-

1608 4116 1905 4182 thagoreus,
1926 4117 2263 4184 syracusiam
2287 4118 2503 4171 Dionem
2528 4118 2684 4172 Plato

1610 4186 1864 4249 multique
1886 4188 2099 4239 multos,

2892 1541 2897 1714 1
