2930 4693
870 165 970 228 DE
1000 163 1355 227 ORATORE
1393 165 1448 226 11
1487 165 1591 228 51.
1634 173 1941 227 204-206.
2387 175 2514 239 167

290 335 663 400 iracundiam
703 351 896 415 neque
939 352 1069 395 eam
1110 335 1416 404 iniustam,
1459 334 1567 395 sed
1606 335 1877 397 meritam
1921 353 1992 396 ac
2029 335 2289 401 debitam
2328 338 2513 403 fuisse

295 421 668 485 defenderes,
755 417 981 480 Deinde
1020 420 1120 498 qui
1158 417 1323 479 locus
1366 418 1472 479 abs
1514 425 1571 479 te
1623 420 2075 498 praetermissus
2118 429 2208 482 est
2258 423 2322 483 in
2366 424 2511 485 Cae·

290 506 571 589 pionem?
642 504 718 566 Ut
760 511 826 565 tu
864 502 965 563 illa
998 504 1194 564 omnia
1235 503 1400 573 odio,
1453 502 1702 574 invidia,
1746 504 2154 566 misericordIa
2194 507 2507 571 miscuisti!

292 592 501 672 Neque
530 590 679 651 haec
708 587 898 649 solum
942 589 1006 648 in
1051 586 1409 657 defensione,
1452 587 1557 648 sed
1601 590 1776 649 etiam
1819 590 1881 649 in
1913 589 2136 650 Scauro
2177 593 2511 672 ceterisque

294 678 444 738 meis
473 673 737 744 testibus,
781 690 1033 753 quorum
1076 674 1407 733 testimonia
1448 689 1570 732 non
1607 671 1953 744 refellendo,
1996 674 2101 735 sed
2142 676 2214 736 ad
2255 675 2511 738 eundem

292 762 581 840 impetum
632 757 838 839 populi
890 756 1281 835 confugiendo
1331 756 1617 819 refutasti.
1705 757 1865 829 Quae
1906 776 2042 819 cum
2080 758 2185 820 ahs
2228 767 2288 821 te
2327 761 2505 823 modo
2535 773 2640 827 204

294 849 926 912 commemorarentur,
958 841 1229 921 equidem
1248 840 1431 903 -nulla
1473 850 1790 921 praecepta
1833 843 2273 915 desiderabam;
2313 845 2505 925 ipsam

293 936 496 990 tamen
539 929 713 989 istam
757 926 1317 988 demonstrationem
1361 924 1773 988 defensionum
1817 934 2052 989 tuarum
2110 928 2217 990 ahs
2266 936 2326 991 te
2375 932 2507 1010 ipso

293 1021 818 1075 commemoratam
849 1011 1177 1072 doctrinam
1209 1028 1338 1072 esse
1367 1027 1488 1071 non
1516 1011 1879 1073 mediocrem
1909 1022 2072 1092 puto.

212 1156 233 1164 ,
317 1110 323 1116 ·
465 1098 655 1177 Atqui,
688 1098 739 1156 si
765 1097 846 1156 ita
874 1094 1083 1176 piacet,
1123 1096 1318 1175 inquit
1343 1093 1731 1168 ANTONIUS,
1773 1096 2076 1159 trademus
2117 1099 2312 1170 etiam,
2353 1117 2507 1178 quae

292 1199 405 1244 nos
444 1182 610 1261 sequi
650 1183 713 1241 in
757 1179 1006 1242 dicendo
1048 1198 1314 1261 qua-eque
1353 1182 1608 1242 maxime
1637 1188 1908 1260 spectare
1935 1181 2209 1245 solemus.
2263 1182 2508 1257 „Docuit

295 1269 452 1327 enim
483 1267 599 1327 iam
631 1283 740 1326 nos
768 1264 942 1343 longa
970 1266 1084 1327 vita
1112 1283 1369 1345 ususque
1397 1283 1602 1327 rerum
1631 1266 2039 1336 maximarum,
2073 1273 2138 1328 ut
2164 1267 2380 1347 quihus
2406 1282 2504 1329 re-

291 1350 406 1413 bus
434 1351 616 1412 animi
646 1351 951 1411 hominum
978 1357 1357 1411 moverentur
1385 1357 1742 1412 teneremus.

459 1434 744 1515 Equidem
775 1436 1032 1513 primum
1073 1433 1450 1495 considerare
1480 1434 1661 1506 soleo,
1691 1433 2026 1514 postuletne
2056 1453 2251 1497 causa.
2294 1436 2443 1497 Nam
2462 1432 2675 1505 51205

294 1537 485 1600 neque
515 1520 711 1599 parvis
737 1520 800 1579 in
829 1518 1010 1579 rehus
1039 1518 1408 1580 adhibendae
1439 1528 1577 1581 sunt
1604 1518 1716 1579 hae
1747 1519 1985 1581 dicendi
2010 1519 2169 1581 faces
2199 1538 2392 1601 neque
2419 1523 2503 1583 ita

293 1605 565 1667 animatis
593 1603 948 1674 hominihus,
992 1614 1057 1664 ut
1087 1601 1233 1663 nihil
1262 1602 1335 1664 ad
1367 1622 1573 1665 eorum
1603 1611 1833 1664 mentes
1873 1605 2140 1665 oratione
2180 1603 2504 1668 flectendas

288 1689 580 1768 proficere
608 1690 918 1768 possimus,
962 1706 1038 1748 ne
1068 1695 1168 1749 aut
1194 1689 1472 1750 irrisione
1501 1694 1603 1749 aut
1629 1688 1764 1749 odio
1794 1688 1958 1766 digni
1986 1695 2279 1768 putemur,
2322 1689 2375 1749 si
2402 1697 2505 1751 aut

287 1773 625 1851 tragoedias
654 1790 895 1852 agamus
922 1774 987 1833 in
1015 1774 1188 1851 nugis
1216 1781 1318 1834 aut
1350 1772 1682 1834 convellere
1711 1771 2049 1835 adoriamur
2080 1791 2168 1844 ea,
2197 1791 2349 1853 quae
2380 1791 2502 1835 non

286 1858 518 1936 possint
578 1858 952 1917 commoveri.
1040 1857 1188 1937 Nam
1238 1859 1516 1937 quoniam
1565 1856 1712 1917 haec
1760 1857 1888 1918 fere
1936 1859 2191 1919 maxime
2252 1865 2390 1920 sunt
2436 1860 2500 1920 in
2528 1873 2634 1928 200

286 1940 550 2002 iudicum
581 1942 789 2002 animis
817 1948 917 2003 aut
944 1942 1298 2021 quicumque
1336 1941 1424 2002 illi
1453 1948 1645 2013 erunt,
1690 1941 1843 2021 apud
1875 1960 2022 2022 quos
2062 1960 2322 2021 agemus,
2367 1962 2500 2004 ora-

286 2027 451 2086 tione
474 2024 783 2097 molienda,
810 2044 996 2097 amor,
1028 2026 1244 2096 odium,
1275 2026 1599 2096 iracundia,
1629 2027 1867 2097 invidia,
1897 2027 2320 2098 misericordia,
2345 2045 2501 2108 spes,

353 2210 751 2261 locus—heiner
767 2212 917 2276 jener
938 2227 981 2261 s.
1005 2226 1058 2277 g.
1083 2211 1185 2261 loci
1206 2225 1342 2262 com-

281 2293 465 2328 munes
488 2279 593 2329 und
619 2295 751 2328 zwar
774 2279 1085 2344 derjenigen‚
1112 2280 1197 2341 qui
1221 2286 1343 2329 sunt

280 2346 333 2398 in
355 2349 478 2398 vitia
497 2348 669 2398 directi
684 2346 883 2412 (Quint.
898 2350 939 2398 11
956 2348 1136 2407 1,11.v
1153 2348 1229 2405 12,
1246 2345 1338 2412 15).

348 2417 627 2466 illa—was
648 2416 718 2465 du
737 2414 958 2465 niimiich
976 2416 1026 2464 in
1047 2416 1176 2466 dem
1196 2415 1340 2466 Theil

283 2482 457 2532 deiner
480 2483 618 2533 Rede
641 2482 992 2534 vorbrachtest
1013 2480 1073 2550 (S
1097 2482 1238 2545 200).

347 2551 588 2601 miscuisti
595 2551 853 2601 —sodass
868 2551 1006 2600 Alles
1024 2553 1077 2600 in
1098 2550 1342 2615 Giihrung

280 2619 387 2668 und
408 2632 508 2667 von
536 2619 732 2680 odium,
759 2619 968 2681 invidia,
992 2619 1339 2669 misericordia

280 2685 674 2751 durchdrungen
698 2700 816 2736 war.

345 2754 653 2817 refellendo,
705 2753 843 2820 nicht
876 2753 1035 2803 durch
1072 2753 1339 2819 Gegenbe-

1441 2212 1624 2278 Wege,
1649 2211 1734 2262 die
1751 2211 1816 2262 A.
1842 2210 2037 2262 damnis
2060 2211 2243 2262 behufs
2263 2212 2354 2263 der
2369 2213 2501 2264 Ver·

1438 2281 1708 2346 tcidigung
1754 2279 1845 2329 des
1880 2279 2147 2330 Norbanus
2183 2280 2502 2345 eingeschla-

1441 2363 1540 2413 gen
1555 2387 1570 2410 ,
1596 2348 1691 2398 wie
1714 2348 1789 2398 sie
1813 2362 1912 2398 von
1935 2348 2041 2397 ihm
2066 2348 2226 2398 selbst
2246 2346 2358 2398 hier
2379 2364 2501 2400 vor-

1440 2425 1684 2481 getragen
1728 2416 1820 2475 ist,
1866 2415 1949 2465 fiir
1993 2416 2076 2466 die
2109 2416 2253 2466 beste
2284 2416 2503 2468 Theorie
2533 2441 2544 2454 ·

1439 2484 1609 2549 gelten
1633 2480 1688 2549 (S
1713 2481 1812 2533 198
1835 2496 1881 2533 a.
1906 2479 1996 2548 E.)

1507 2551 1694 2617 Atqui,
1729 2566 1835 2602 nun
1859 2551 2022 2611 deun,
2056 2557 2206 2600 unter
2238 2552 2348 2602 der
2369 2553 2502 2603 Vor-

1438 2629 1755 2684 aussetzung
1800 2615 1974 2683 (wenn
2007 2617 2086 2667 ihr
2117 2619 2266 2668 keiue
2302 2620 2499 2670 andern

1438 2685 1865 2751 Anforderungen
1887 2700 1950 2734 an
1978 2686 2061 2735 die
2085 2685 2311 2736 doctrina
2334 2686 2498 2754 stelit)

1437 2754 1541 2804 will
1560 2753 1641 2802 ich
1651 2752 1784 2804 mich
1796 2751 1925 2803 auch
1947 2769 2012 2803 zu
2025 2753 2496 2804 einerLehrmit·

278 2822 418 2871 weis.
443 2824 516 2872 ad
538 2824 746 2872 eundem
763 2824 995 2885 impetum
1013 2822 1197 2887 populi
1216 2838 1338 2873 con-

271 2889 538 2953 fugiendo,
565 2889 790 2940 dadurch
816 2890 935 2939 dass
960 2896 1022 2940 A.
1049 2891 1229 2938 immer
1249 2889 1344 2939 auf

278 2956 377 3006 den
404 2958 547 3006 einen
574 2957 765 3017 Punkt,
801 2958 923 3007 dass
948 2957 1168 3008 nfimlich
1187 2957 1337 3021 jener

277 3023 533 3074 Aufstand
575 3025 654 3073 ein
704 3024 1040 3091 berechtigter
1084 3040 1336 3090 gewesen,

276 3090 386 3141 sich
422 3093 724 3158 zuriickzog.
795 3093 863 3142 Er
893 3092 1071 3143 suchte
1103 3094 1215 3143 also
1253 3093 1337 3142 die

276 3159 739 3224 Zeugenaussagen
763 3159 1041 3226 gleichsam
1068 3159 1227 3210 durch
1251 3160 1335 3210 die

273 3228 565 3277 constitutio
598 3228 847 3292 generalis
881 3228 1004 3278 oder
1035 3227 1335 3278 iuridicialis

274 3294 432 3358 (Eini.
460 3296 504 3345 ll
529 3291 561 3361 S
585 3294 632 3354 3,
662 3304 708 3345 14
732 3293 798 3360 f.)
825 3312 888 3345 zu
913 3295 1227 3355 entkrfiften‚
1250 3296 1332 3343 in-

273 3362 387 3412 dem
414 3378 468 3413 er
494 3378 626 3413 zwar
650 3364 733 3413 die
757 3362 941 3413 seditio
969 3364 1160 3426 zugab,
1186 3363 1332 3412 diese

273 3431 434 3481 selbst
466 3431 586 3480 aher
617 3432 797 3480 immer
828 3430 1013 3480 wieder
1045 3431 1096 3479 in
1122 3430 1206 3478 die
1228 3430 1329 3479 Ka-

270 3499 460 3561 tegorie
473 3498 764 3563 derjenigen
776 3497 1131 3562 Bewegungen
1145 3497 1330 3560 stellte‚

271 3565 352 3615 die
367 3580 463 3616 aus
481 3566 597 3616 dem
608 3566 1048 3629 Freiheitsdrange
1066 3566 1157 3615 des
1166 3565 1329 3614 Volks

268 3631 719 3699 hervorgegangen
735 3634 818 3684 die
828 3632 1080 3699 Republik
1104 3634 1327 3697 begu-iin-

270 3700 357 3750 det
380 3701 482 3751 und
509 3701 732 3752 erhaiten
758 3700 931 3752 hatten
957 3698 1016 3767 (S
1041 3698 1180 3765 199).
1205 3716 1326 3751 eun·

268 3768 380 3819 dem
395 3774 644 3835 impetum,
669 3769 774 3835 vgi.
789 3767 821 3837 S
838 3767 905 3820 58
920 3769 1063 3819 ilium
1082 3769 1330 3834 impetum

271 3840 505 3887 oratoris.

335 3912 426 3954 204.
454 3904 593 3967 Quae
619 3913 714 3954 etc.
742 3903 993 3970 Sulpicius
1018 3903 1104 3955 hat
1127 3904 1211 3956 bei
1236 3904 1328 3954 der

263 3971 842 4037 Auseinandersetzung
858 3973 949 4022 des
961 3974 1022 4022 A.
1044 3972 1330 4023 hesondere

263 4039 636 4106 schulmiissige
676 4038 1140 4090 Lehrvorschriften
1188 4038 1328 4090 nicht

263 4108 527 4167 vermisst3
584 4109 825 4159 indessen
873 4107 1144 4173 eigentlich
1188 4108 1327 4158 kann

263 4176 394 4227 eben
418 4177 796 4243 dieseAnalyse
819 4176 909 4227 der
930 4175 1328 4228 verschiedenen

1438 2822 1692 2887 teiiung
1723 2823 1849 2871 iiber
1872 2820 1964 2870 das
1989 2818 2258 2871 verstehen
2281 2838 2334 2873 u.
2360 2838 2404 2873 s.
2430 2838 2495 2874 w.

1505 2888 1589 2952 51,
1612 2898 1707 2941 205.
1743 2890 1950 2939 dicendi
1963 2889 2128 2953 faces,
2155 2890 2223 2939 III
2249 2888 2296 2953 1,
2321 2898 2348 2939 4
2383 2905 2496 2940 ver-

1437 2958 1614 3007 borum
1628 2957 1782 3008 faces.
1796 2959 2091 3023 traqoedias
2100 2972 2321 3023 aymus,
2335 2954 2497 3024 8225.

1437 3025 1556 3075 227.
1594 3023 1731 3084 151,
1767 3032 1869 3082 2195
1918 3023 2013 3087 53,
2048 3033 2142 3076 228.
2200 3025 2497 3076 Lacherlich

1438 3091 1608 3142 macht
1630 3091 1739 3143 sich
1774 3093 1864 3142 der
1894 3091 2126 3154 Reduer,
2173 3109 2322 3144 wenn
2356 3108 2410 3143 er
2442 3095 2498 3145 in

1434 3158 1853 3225 Bagatellsachen
1910 3160 2005 3210 auf
2044 3161 2161 3221 dem
2205 3160 2498 3225 tragischeu

1432 3227 1660 3278 Kothurn
1692 3226 1991 3292 einhergeht
2021 3226 2131 3277 und
2163 3227 2247 3277 die
2289 3230 2494 3294 gei-ing·

1431 3295 1687 3360 ffigigsten
1700 3293 1863 3359 Dinge
1883 3295 1977 3344 mit
1992 3293 2297 3359 tragischem
2306 3295 2496 3346 Pathos

1431 3361 1725 3413 behandelt.

1497 3438 1590 3482 206.
1628 3429 1785 3488 Nam,
1823 3429 1980 3480 damit
2011 3427 2136 3495 geht
2156 3429 2220 3479 A.
2247 3426 2376 3479 nach
2398 3429 2493 3479 Er-

1431 3497 1677 3563 iedigung
1693 3499 1785 3548 der
1794 3497 2042 3562 Vorfrage
2060 3511 2151 3547 zur
2159 3496 2500 3562 Eriduterung

1430 3565 1636 3628 dessen,
1658 3580 1851 3616 worum
1876 3580 1930 3615 ea
1954 3563 2065 3615 sich
2088 3564 2201 3614 hier
2220 3565 2497 3629 eigentlich

1427 3631 1664 3695 handen,
1714 3648 1805 3683 zur
1836 3632 2131 3697 Darlegung
2175 3634 2267 3683 der
2307 3632 2496 3699 haupt·

1428 3700 1769 3751 sichlichsten
1793 3700 2256 3754 Gemiitszustiinde
2284 3716 2340 3750 u.
2366 3700 2498 3750 See-

1428 3767 1859 3833 lenstimmuugen
1904 3765 2098 3834 (neque
2141 3768 2214 3818 ita
2257 3768 2494 3818 animatis

1428 3834 1744 3899 hominibus)
1790 3836 1933 3887 iiber.
2001 3835 2313 3886 Henrichsen
2361 3834 2495 3885 nach

1426 3904 1660 3968 Madvig:
1704 3904 1834 3964 iam,
1866 3903 2041 3954 womit
2072 3904 2137 3957 A.
2170 3919 2235 3953 zu
2259 3902 2350 3952 der
2373 3918 2491 3968 spe·

1427 3971 1607 4021 ciellen
1629 3970 1970 4037 Behandlung
2001 3971 2094 4021 des
2116 3971 2334 4021 Theman
2367 3969 2494 4021 fort·

1428 4039 1667 4093 schreitc.
1713 4065 1783 4076 -
1827 4042 1885 4090 In
1945 4040 2037 4089 der
2081 4037 2491 4104 nachfolgenden

1427 4108 1622 4158 kun-zen
1654 4106 1989 4173 Ausfiihrung
2033 4105 2163 4173 foigt
2192 4107 2257 4158 A.
2292 4107 2491 4158 seinem

1426 4173 1640 4228 Vorbild
1660 4177 1815 4228 Arist.
1841 4175 1992 4229 Rhet.
2017 4176 2066 4227 11
2092 4175 2119 4227 l
2145 4175 2199 4227 ff.
