<?xml version="1.0" encoding="UTF-8"?>
<!DOCTYPE html PUBLIC "-//W3C//DTD XHTML 1.0 Transitional//EN"
    "http://www.w3.org/TR/xhtml1/DTD/xhtml1-transitional.dtd">
<html xmlns="http://www.w3.org/1999/xhtml" xml:lang="en" lang="en">
 <head>
  <title>
</title>
<meta http-equiv="Content-Type" content="text/html;charset=utf-8" />
  <meta name='ocr-system' content='tesseract 3.04.00' />
  <meta name='ocr-capabilities' content='ocr_page ocr_carea ocr_par ocr_line ocrx_word'/>
</head>
<body>
  <div class='ocr_page' id='page_1' title='image "./deoratore00pidegoog_0275.png"; bbox 0 0 2930 4693; ppageno 0'>
   <div class='ocr_carea' id='block_1_1' title="bbox 876 139 2539 243">
    <p class='ocr_par' dir='ltr' id='par_1_1' title="bbox 876 139 2539 243">
     <span class='ocr_line' id='line_1_1' title="bbox 876 139 2539 243; baseline -0.001 -14"><span class='ocrx_word' id='word_1_1' title='bbox 876 166 977 229; x_wconf 82' lang='lat' dir='ltr'><strong>DE</strong></span> <span class='ocrx_word' id='word_1_2' title='bbox 1008 139 1368 229; x_wconf 73' lang='lat' dir='ltr'><strong>ORATORE</strong></span> <span class='ocrx_word' id='word_1_3' title='bbox 1408 167 1463 228; x_wconf 86' lang='grc' dir='ltr'>Π</span> <span class='ocrx_word' id='word_1_4' title='bbox 1507 167 1608 229; x_wconf 86' lang='lat'><strong>79.</strong></span> <span class='ocrx_word' id='word_1_5' title='bbox 1651 174 1957 229; x_wconf 75' lang='lat' dir='ltr'><strong>ate—321.</strong></span> <span class='ocrx_word' id='word_1_6' title='bbox 2407 177 2539 243; x_wconf 75' lang='lat'><strong>20⁷</strong></span> 
     </span>
    </p>
   </div>
   <div class='ocr_carea' id='block_1_2' title="bbox 287 333 2714 1848">
    <p class='ocr_par' dir='ltr' id='par_1_2' title="bbox 292 333 2672 837">
     <span class='ocr_line' id='line_1_2' title="bbox 294 333 2536 423; baseline 0.004 -26"><span class='ocrx_word' id='word_1_7' title='bbox 294 336 449 398; x_wconf 74' lang='lat' dir='ltr'><strong>flunt</strong></span> <span class='ocrx_word' id='word_1_8' title='bbox 478 353 746 416; x_wconf 85' lang='lat' dir='ltr'><strong>quaeque</strong></span> <span class='ocrx_word' id='word_1_9' title='bbox 777 344 1033 414; x_wconf 85' lang='lat' dir='ltr'><strong>aguntur</strong></span> <span class='ocrx_word' id='word_1_10' title='bbox 1074 337 1384 405; x_wconf 79' lang='lat' dir='ltr'>acerrime,</span> <span class='ocrx_word' id='word_1_11' title='bbox 1426 333 1758 397; x_wconf 69' lang='lat' dir='ltr'><strong>lemuribus</strong></span> <span class='ocrx_word' id='word_1_12' title='bbox 1801 336 2111 417; x_wconf 81' lang='lat' dir='ltr'><strong>principiis</strong></span> <span class='ocrx_word' id='word_1_13' title='bbox 2151 347 2367 402; x_wconf 81' lang='lat' dir='ltr'><strong>natura</strong></span> <span class='ocrx_word' id='word_1_14' title='bbox 2405 343 2536 423; x_wconf 79' lang='lat' dir='ltr'><strong>ipsa</strong></span> 
     </span>
     <span class='ocr_line' id='line_1_3' title="bbox 296 419 2672 504; baseline 0.003 -24"><span class='ocrx_word' id='word_1_15' title='bbox 296 422 648 500; x_wconf 74' lang='lat' dir='ltr'><strong>praetexuit.</strong></span> <span class='ocrx_word' id='word_1_16' title='bbox 707 420 867 481; x_wconf 86' lang='lat' dir='ltr'><strong>Haec</strong></span> <span class='ocrx_word' id='word_1_17' title='bbox 895 428 1091 482; x_wconf 84' lang='lat' dir='ltr'><strong>autem</strong></span> <span class='ocrx_word' id='word_1_18' title='bbox 1122 421 1186 480; x_wconf 90' lang='lat' dir='ltr'><strong>in</strong></span> <span class='ocrx_word' id='word_1_19' title='bbox 1216 419 1471 481; x_wconf 90' lang='lat' dir='ltr'><strong>dicendo</strong></span> <span class='ocrx_word' id='word_1_20' title='bbox 1499 438 1622 481; x_wconf 89' lang='lat' dir='ltr'><strong>non</strong></span> <span class='ocrx_word' id='word_1_21' title='bbox 1652 421 2022 482; x_wconf 83' lang='lat' dir='ltr'><strong>extrinsecus</strong></span> <span class='ocrx_word' id='word_1_22' title='bbox 2050 420 2323 484; x_wconf 81' lang='lat' dir='ltr'><strong>alicunde</strong></span> <span class='ocrx_word' id='word_1_23' title='bbox 2352 443 2534 504; x_wconf 85' lang='lat' dir='ltr'><strong>quae·</strong></span> <span class='ocrx_word' id='word_1_24' title='bbox 2563 444 2672 499; x_wconf 74' lang='lat'><strong>313</strong></span> 
     </span>
     <span class='ocr_line' id='line_1_4' title="bbox 294 504 2535 584; baseline 0.003 -20"><span class='ocrx_word' id='word_1_25' title='bbox 294 504 505 575; x_wconf 72' lang='lat' dir='ltr'><strong>tenda,</strong></span> <span class='ocrx_word' id='word_1_26' title='bbox 549 504 657 565; x_wconf 88' lang='lat' dir='ltr'><strong>sed</strong></span> <span class='ocrx_word' id='word_1_27' title='bbox 685 523 759 565; x_wconf 86' lang='lat' dir='ltr'><strong>ex</strong></span> <span class='ocrx_word' id='word_1_28' title='bbox 785 506 931 584; x_wconf 89' lang='lat' dir='ltr'><strong>ipsis</strong></span> <span class='ocrx_word' id='word_1_29' title='bbox 959 504 1285 566; x_wconf 85' lang='lat' dir='ltr'><strong>visceribus</strong></span> <span class='ocrx_word' id='word_1_30' title='bbox 1313 522 1525 566; x_wconf 88' lang='lat' dir='ltr'><strong>causae</strong></span> <span class='ocrx_word' id='word_1_31' title='bbox 1567 504 1857 566; x_wconf 85' lang='lat' dir='ltr'><strong>sumenda</strong></span> <span class='ocrx_word' id='word_1_32' title='bbox 1898 512 2053 566; x_wconf 88' lang='lat' dir='ltr'><strong>suut.</strong></span> <span class='ocrx_word' id='word_1_33' title='bbox 2142 506 2372 568; x_wconf 81' lang='lat' dir='ltr'><strong>Idcirco</strong></span> <span class='ocrx_word' id='word_1_34' title='bbox 2409 516 2535 572; x_wconf 87' lang='lat' dir='ltr'><strong>tota</strong></span> 
     </span>
     <span class='ocr_line' id='line_1_5' title="bbox 292 587 2535 673; baseline 0.002 -23"><span class='ocrx_word' id='word_1_35' title='bbox 292 607 475 650; x_wconf 81' lang='lat' dir='ltr'><strong>causa</strong></span> <span class='ocrx_word' id='word_1_36' title='bbox 512 596 908 667; x_wconf 83' lang='lat' dir='ltr'><strong>pertemptata</strong></span> <span class='ocrx_word' id='word_1_37' title='bbox 952 597 1127 669; x_wconf 85' lang='lat' dir='ltr'><strong>atque</strong></span> <span class='ocrx_word' id='word_1_38' title='bbox 1170 595 1510 668; x_wconf 88' lang='lat' dir='ltr'><strong>perspecta,</strong></span> <span class='ocrx_word' id='word_1_39' title='bbox 1552 587 1699 649; x_wconf 90' lang='lat' dir='ltr'><strong>locis</strong></span> <span class='ocrx_word' id='word_1_40' title='bbox 1741 588 2017 651; x_wconf 89' lang='lat' dir='ltr'><strong>omnibus</strong></span> <span class='ocrx_word' id='word_1_41' title='bbox 2062 590 2319 652; x_wconf 84' lang='lat' dir='ltr'><strong>inventis</strong></span> <span class='ocrx_word' id='word_1_42' title='bbox 2358 600 2535 673; x_wconf 85' lang='lat' dir='ltr'><strong>atque</strong></span> 
     </span>
     <span class='ocr_line' id='line_1_6' title="bbox 292 673 2665 752; baseline 0.002 -18"><span class='ocrx_word' id='word_1_43' title='bbox 292 674 601 735; x_wconf 82' lang='lat' dir='ltr'><strong>instmctis</strong></span> <span class='ocrx_word' id='word_1_44' title='bbox 629 673 1124 735; x_wconf 88' lang='lat' dir='ltr'><strong>considerandum</strong></span> <span class='ocrx_word' id='word_1_45' title='bbox 1153 681 1260 741; x_wconf 85' lang='lat' dir='ltr'><strong>est,</strong></span> <span class='ocrx_word' id='word_1_46' title='bbox 1293 692 1413 752; x_wconf 83' lang='lat' dir='ltr'><strong>quo</strong></span> <span class='ocrx_word' id='word_1_47' title='bbox 1439 674 1738 752; x_wconf 89' lang='lat' dir='ltr'><strong>principio</strong></span> <span class='ocrx_word' id='word_1_48' title='bbox 1762 675 1839 734; x_wconf 88' lang='lat' dir='ltr'><strong>sit</strong></span> <span class='ocrx_word' id='word_1_49' title='bbox 1867 674 2182 744; x_wconf 86' lang='lat' dir='ltr'><strong>utendum;</strong></span> <span class='ocrx_word' id='word_1_50' title='bbox 2228 676 2313 735; x_wconf 90' lang='lat' dir='ltr'><strong>sic</strong></span> <span class='ocrx_word' id='word_1_51' title='bbox 2356 684 2417 737; x_wconf 91' lang='lat' dir='ltr'><strong>et</strong></span> <span class='ocrx_word' id='word_1_52' title='bbox 2442 676 2530 739; x_wconf 80' lang='lat' dir='ltr'><strong>fa·</strong></span> <span class='ocrx_word' id='word_1_53' title='bbox 2559 696 2665 750; x_wconf 80' lang='lat'><strong>319</strong></span> 
     </span>
     <span class='ocr_line' id='line_1_7' title="bbox 294 756 2530 837; baseline 0.003 -20"><span class='ocrx_word' id='word_1_54' title='bbox 294 757 410 818; x_wconf 87' lang='lat' dir='ltr'><strong>cile</strong></span> <span class='ocrx_word' id='word_1_55' title='bbox 437 759 804 837; x_wconf 87' lang='lat' dir='ltr'><strong>reperietur;</strong></span> <span class='ocrx_word' id='word_1_56' title='bbox 836 765 1103 821; x_wconf 81' lang='lat' dir='ltr'><strong>sumetur</strong></span> <span class='ocrx_word' id='word_1_57' title='bbox 1132 759 1291 818; x_wconf 91' lang='lat' dir='ltr'><strong>enim</strong></span> <span class='ocrx_word' id='word_1_58' title='bbox 1323 776 1396 818; x_wconf 78' lang='lat' dir='ltr'><strong>ex</strong></span> <span class='ocrx_word' id='word_1_59' title='bbox 1426 758 1514 818; x_wconf 84' lang='lat' dir='ltr'><strong>eis</strong></span> <span class='ocrx_word' id='word_1_60' title='bbox 1540 756 1738 827; x_wconf 87' lang='lat' dir='ltr'><strong>rebus,</strong></span> <span class='ocrx_word' id='word_1_61' title='bbox 1780 776 1934 837; x_wconf 88' lang='lat' dir='ltr'><strong>quae</strong></span> <span class='ocrx_word' id='word_1_62' title='bbox 1973 766 2150 819; x_wconf 88' lang='lat' dir='ltr'><strong>erunt</strong></span> <span class='ocrx_word' id='word_1_63' title='bbox 2189 758 2530 823; x_wconf 79' lang='lat' dir='ltr'><strong>uberrimae</strong></span> 
     </span>
    </p>

    <p class='ocr_par' dir='ltr' id='par_1_3' title="bbox 290 840 2535 1259">
     <span class='ocr_line' id='line_1_8' title="bbox 291 840 2533 924; baseline 0.002 -23"><span class='ocrx_word' id='word_1_64' title='bbox 291 840 388 903; x_wconf 80' lang='lat' dir='ltr'><strong>vel</strong></span> <span class='ocrx_word' id='word_1_65' title='bbox 414 842 479 902; x_wconf 94' lang='lat' dir='ltr'><strong>in</strong></span> <span class='ocrx_word' id='word_1_66' title='bbox 508 843 875 920; x_wconf 79' lang='lat' dir='ltr'><strong>argumentis</strong></span> <span class='ocrx_word' id='word_1_67' title='bbox 903 841 994 902; x_wconf 80' lang='lat' dir='ltr'><strong>vei</strong></span> <span class='ocrx_word' id='word_1_68' title='bbox 1034 844 1098 902; x_wconf 93' lang='lat' dir='ltr'><strong>in</strong></span> <span class='ocrx_word' id='word_1_69' title='bbox 1140 843 1228 902; x_wconf 89' lang='lat' dir='ltr'><strong>eis</strong></span> <span class='ocrx_word' id='word_1_70' title='bbox 1266 841 1565 921; x_wconf 84' lang='lat' dir='ltr'><strong>partibus,</strong></span> <span class='ocrx_word' id='word_1_71' title='bbox 1608 840 1684 901; x_wconf 90' lang='lat' dir='ltr'><strong>ad</strong></span> <span class='ocrx_word' id='word_1_72' title='bbox 1725 859 1872 922; x_wconf 88' lang='lat' dir='ltr'><strong>quas</strong></span> <span class='ocrx_word' id='word_1_73' title='bbox 1913 841 2035 904; x_wconf 82' lang='lat' dir='ltr'><strong>dixi</strong></span> <span class='ocrx_word' id='word_1_74' title='bbox 2077 842 2310 921; x_wconf 84' lang='lat' dir='ltr'><strong>digredi</strong></span> <span class='ocrx_word' id='word_1_75' title='bbox 2350 862 2533 924; x_wconf 80' lang='lat' dir='ltr'><strong>saepe</strong></span> 
     </span>
     <span class='ocr_line' id='line_1_9' title="bbox 290 925 2535 1006; baseline 0.001 -20"><span class='ocrx_word' id='word_1_76' title='bbox 290 933 596 1006; x_wconf 64' lang='lat' dir='ltr'><strong>oportere.</strong></span> <span class='ocrx_word' id='word_1_77' title='bbox 681 927 767 987; x_wconf 85' lang='lat' dir='ltr'><strong>lta</strong></span> <span class='ocrx_word' id='word_1_78' title='bbox 798 933 858 987; x_wconf 92' lang='lat' dir='ltr'><strong>et</strong></span> <span class='ocrx_word' id='word_1_79' title='bbox 900 926 1187 987; x_wconf 82' lang='lat' dir='ltr'><strong>momenti</strong></span> <span class='ocrx_word' id='word_1_80' title='bbox 1226 925 1447 1005; x_wconf 88' lang='lat' dir='ltr'><strong>aliquid</strong></span> <span class='ocrx_word' id='word_1_81' title='bbox 1489 925 1787 996; x_wconf 78' lang='lat' dir='ltr'><strong>adferent,</strong></span> <span class='ocrx_word' id='word_1_82' title='bbox 1831 945 1969 988; x_wconf 90' lang='lat' dir='ltr'><strong>cum</strong></span> <span class='ocrx_word' id='word_1_83' title='bbox 2013 935 2189 987; x_wconf 86' lang='lat' dir='ltr'><strong>erunt</strong></span> <span class='ocrx_word' id='word_1_84' title='bbox 2226 946 2417 1005; x_wconf 87' lang='lat' dir='ltr'><strong>paene</strong></span> <span class='ocrx_word' id='word_1_85' title='bbox 2460 946 2535 989; x_wconf 86' lang='lat' dir='ltr'><strong>ex</strong></span> 
     </span>
     <span class='ocr_line' id='line_1_10' title="bbox 290 1009 2534 1090; baseline 0.001 -20"><span class='ocrx_word' id='word_1_86' title='bbox 290 1011 503 1071; x_wconf 85' lang='lat' dir='ltr'><strong>intima</strong></span> <span class='ocrx_word' id='word_1_87' title='bbox 532 1010 877 1072; x_wconf 77' lang='lat' dir='ltr'><strong>defensione</strong></span> <span class='ocrx_word' id='word_1_88' title='bbox 908 1009 1309 1090; x_wconf 79' lang='lat' dir='ltr'><strong>depromptae,</strong></span> <span class='ocrx_word' id='word_1_89' title='bbox 1342 1018 1402 1071; x_wconf 89' lang='lat' dir='ltr'><strong>et</strong></span> <span class='ocrx_word' id='word_1_90' title='bbox 1429 1009 1741 1090; x_wconf 77' lang='lat' dir='ltr'><strong>apparebit</strong></span> <span class='ocrx_word' id='word_1_91' title='bbox 1768 1027 1870 1071; x_wconf 89' lang='lat' dir='ltr'><strong>eas</strong></span> <span class='ocrx_word' id='word_1_92' title='bbox 1899 1028 2019 1071; x_wconf 90' lang='lat' dir='ltr'><strong>non</strong></span> <span class='ocrx_word' id='word_1_93' title='bbox 2051 1011 2228 1072; x_wconf 83' lang='lat' dir='ltr'><strong>modo</strong></span> <span class='ocrx_word' id='word_1_94' title='bbox 2259 1028 2382 1072; x_wconf 87' lang='lat' dir='ltr'><strong>non</strong></span> <span class='ocrx_word' id='word_1_95' title='bbox 2401 1028 2534 1073; x_wconf 84' lang='lat' dir='ltr'><strong>esse</strong></span> 
     </span>
     <span class='ocr_line' id='line_1_11' title="bbox 291 1093 2530 1175; baseline 0 -20"><span class='ocrx_word' id='word_1_96' title='bbox 291 1112 641 1155; x_wconf 88' lang='lat' dir='ltr'><strong>communes</strong></span> <span class='ocrx_word' id='word_1_97' title='bbox 684 1111 798 1155; x_wconf 88' lang='lat' dir='ltr'><strong>nec</strong></span> <span class='ocrx_word' id='word_1_98' title='bbox 834 1095 900 1155; x_wconf 89' lang='lat' dir='ltr'><strong>in</strong></span> <span class='ocrx_word' id='word_1_99' title='bbox 929 1093 1074 1156; x_wconf 88' lang='lat' dir='ltr'><strong>alias</strong></span> <span class='ocrx_word' id='word_1_100' title='bbox 1102 1112 1310 1156; x_wconf 86' lang='lat' dir='ltr'><strong>causas</strong></span> <span class='ocrx_word' id='word_1_101' title='bbox 1336 1112 1513 1175; x_wconf 84' lang='lat' dir='ltr'><strong>posse</strong></span> <span class='ocrx_word' id='word_1_102' title='bbox 1544 1094 1877 1164; x_wconf 75' lang='lat' dir='ltr'><strong>transferri,</strong></span> <span class='ocrx_word' id='word_1_103' title='bbox 1918 1093 2025 1156; x_wconf 87' lang='lat' dir='ltr'><strong>sed</strong></span> <span class='ocrx_word' id='word_1_104' title='bbox 2063 1097 2303 1174; x_wconf 90' lang='lat' dir='ltr'><strong>penitus</strong></span> <span class='ocrx_word' id='word_1_105' title='bbox 2343 1113 2434 1157; x_wconf 79' lang='lat' dir='ltr'><strong>ex·</strong></span> <span class='ocrx_word' id='word_1_106' title='bbox 2460 1113 2530 1156; x_wconf 89' lang='lat' dir='ltr'><strong>ea</strong></span> 
     </span>
     <span class='ocr_line' id='line_1_12' title="bbox 290 1178 1472 1259; baseline 0 -19"><span class='ocrx_word' id='word_1_107' title='bbox 290 1195 489 1250; x_wconf 88' lang='lat' dir='ltr'><strong>causa,</strong></span> <span class='ocrx_word' id='word_1_108' title='bbox 521 1196 674 1259; x_wconf 83' lang='lat' dir='ltr'><strong>quae</strong></span> <span class='ocrx_word' id='word_1_109' title='bbox 702 1186 831 1239; x_wconf 87' lang='lat' dir='ltr'><strong>tum</strong></span> <span class='ocrx_word' id='word_1_110' title='bbox 860 1188 1087 1258; x_wconf 80' lang='lat' dir='ltr'><strong>agatur,</strong></span> <span class='ocrx_word' id='word_1_111' title='bbox 1121 1178 1472 1240; x_wconf 83' lang='lat' dir='ltr'><strong>effloruisse.</strong></span> 
     </span>
    </p>

    <p class='ocr_par' dir='ltr' id='par_1_4' title="bbox 287 1253 2714 1848">
     <span class='ocr_line' id='line_1_13' title="bbox 407 1253 2714 1343; baseline -0.003 -19"><span class='ocrx_word' id='word_1_112' title='bbox 407 1262 598 1324; x_wconf 85' lang='lat' dir='ltr'><strong>Omne</strong></span> <span class='ocrx_word' id='word_1_113' title='bbox 622 1270 820 1324; x_wconf 89' lang='lat' dir='ltr'><strong>autem</strong></span> <span class='ocrx_word' id='word_1_114' title='bbox 842 1265 1200 1343; x_wconf 90' lang='lat' dir='ltr'><strong>principium</strong></span> <span class='ocrx_word' id='word_1_115' title='bbox 1221 1270 1326 1324; x_wconf 90' lang='lat' dir='ltr'><strong>aut</strong></span> <span class='ocrx_word' id='word_1_116' title='bbox 1344 1264 1435 1323; x_wconf 85' lang='lat' dir='ltr'><strong>rei</strong></span> <span class='ocrx_word' id='word_1_117' title='bbox 1453 1264 1652 1332; x_wconf 74' lang='lat' dir='ltr'><strong>totius,</strong></span> <span class='ocrx_word' id='word_1_118' title='bbox 1675 1281 1826 1342; x_wconf 84' lang='lat' dir='ltr'><strong>quae</strong></span> <span class='ocrx_word' id='word_1_119' title='bbox 1849 1270 2075 1341; x_wconf 88' lang='lat' dir='ltr'><strong>agetur,</strong></span> <span class='ocrx_word' id='word_1_120' title='bbox 2101 1264 2480 1342; x_wconf 84' lang='lat' dir='ltr'><strong>significatio·</strong></span> <span class='ocrx_word' id='word_1_121' title='bbox 2496 1253 2583 1332; x_wconf 76' lang='lat'><strong>79</strong></span> <span class='ocrx_word' id='word_1_122' title='bbox 2594 1266 2714 1319; x_wconf 73' lang='lat'><strong>320</strong></span> 
     </span>
     <span class='ocr_line' id='line_1_14' title="bbox 291 1346 2533 1409; baseline 0 -1"><span class='ocrx_word' id='word_1_123' title='bbox 291 1365 430 1408; x_wconf 90' lang='lat' dir='ltr'><strong>nem</strong></span> <span class='ocrx_word' id='word_1_124' title='bbox 460 1347 685 1408; x_wconf 89' lang='lat' dir='ltr'><strong>habere</strong></span> <span class='ocrx_word' id='word_1_125' title='bbox 715 1346 956 1409; x_wconf 83' lang='lat' dir='ltr'><strong>debebit</strong></span> <span class='ocrx_word' id='word_1_126' title='bbox 984 1355 1084 1409; x_wconf 90' lang='lat' dir='ltr'><strong>aut</strong></span> <span class='ocrx_word' id='word_1_127' title='bbox 1113 1347 1337 1408; x_wconf 88' lang='lat' dir='ltr'><strong>aditum</strong></span> <span class='ocrx_word' id='word_1_128' title='bbox 1382 1347 1459 1407; x_wconf 86' lang='lat' dir='ltr'><strong>ad</strong></span> <span class='ocrx_word' id='word_1_129' title='bbox 1489 1364 1729 1408; x_wconf 73' lang='lat' dir='ltr'><strong>causam</strong></span> <span class='ocrx_word' id='word_1_130' title='bbox 1772 1355 1833 1407; x_wconf 88' lang='lat' dir='ltr'><strong>et</strong></span> <span class='ocrx_word' id='word_1_131' title='bbox 1861 1349 2387 1408; x_wconf 86' lang='lat' dir='ltr'><strong>communitionem</strong></span> <span class='ocrx_word' id='word_1_132' title='bbox 2429 1356 2533 1409; x_wconf 88' lang='lat' dir='ltr'><strong>aut</strong></span> 
     </span>
     <span class='ocr_line' id='line_1_15' title="bbox 288 1431 2531 1511; baseline 0 -19"><span class='ocrx_word' id='word_1_133' title='bbox 288 1431 589 1511; x_wconf 82' lang='lat' dir='ltr'><strong>quoddam</strong></span> <span class='ocrx_word' id='word_1_134' title='bbox 618 1441 1034 1493; x_wconf 86' lang='lat' dir='ltr'><strong>ornamentum</strong></span> <span class='ocrx_word' id='word_1_135' title='bbox 1065 1439 1126 1493; x_wconf 90' lang='lat' dir='ltr'><strong>et</strong></span> <span class='ocrx_word' id='word_1_136' title='bbox 1154 1431 1521 1509; x_wconf 85' lang='lat' dir='ltr'><strong>dignitatem.</strong></span> <span class='ocrx_word' id='word_1_137' title='bbox 1611 1431 1729 1491; x_wconf 90' lang='lat' dir='ltr'><strong>Sed</strong></span> <span class='ocrx_word' id='word_1_138' title='bbox 1770 1438 2025 1508; x_wconf 82' lang='lat' dir='ltr'><strong>oportet,</strong></span> <span class='ocrx_word' id='word_1_139' title='bbox 2068 1440 2135 1491; x_wconf 88' lang='lat' dir='ltr'><strong>ut</strong></span> <span class='ocrx_word' id='word_1_140' title='bbox 2175 1431 2420 1493; x_wconf 88' lang='lat' dir='ltr'><strong>aedibus</strong></span> <span class='ocrx_word' id='word_1_141' title='bbox 2459 1449 2531 1492; x_wconf 88' lang='lat' dir='ltr'><strong>ac</strong></span> 
     </span>
     <span class='ocr_line' id='line_1_16' title="bbox 293 1514 2530 1594; baseline 0.001 -19"><span class='ocrx_word' id='word_1_142' title='bbox 293 1515 530 1594; x_wconf 87' lang='lat' dir='ltr'><strong>templis</strong></span> <span class='ocrx_word' id='word_1_143' title='bbox 556 1514 845 1577; x_wconf 84' lang='lat' dir='ltr'><strong>vestibula</strong></span> <span class='ocrx_word' id='word_1_144' title='bbox 881 1523 939 1577; x_wconf 86' lang='lat' dir='ltr'><strong>et</strong></span> <span class='ocrx_word' id='word_1_145' title='bbox 968 1517 1179 1585; x_wconf 86' lang='lat' dir='ltr'><strong>aditus,</strong></span> <span class='ocrx_word' id='word_1_146' title='bbox 1211 1517 1297 1575; x_wconf 86' lang='lat' dir='ltr'><strong>sic</strong></span> <span class='ocrx_word' id='word_1_147' title='bbox 1327 1516 1523 1576; x_wconf 84' lang='lat' dir='ltr'><strong>causis</strong></span> <span class='ocrx_word' id='word_1_148' title='bbox 1552 1515 1847 1594; x_wconf 87' lang='lat' dir='ltr'><strong>principia</strong></span> <span class='ocrx_word' id='word_1_149' title='bbox 1876 1532 1988 1592; x_wconf 86' lang='lat' dir='ltr'><strong>pro</strong></span> <span class='ocrx_word' id='word_1_150' title='bbox 2018 1516 2293 1592; x_wconf 87' lang='lat' dir='ltr'><strong>portione</strong></span> <span class='ocrx_word' id='word_1_151' title='bbox 2324 1532 2530 1576; x_wconf 86' lang='lat' dir='ltr'><strong>rerum</strong></span> 
     </span>
     <span class='ocr_line' id='line_1_17' title="bbox 289 1597 2526 1680; baseline -0 -20"><span class='ocrx_word' id='word_1_152' title='bbox 289 1618 682 1679; x_wconf 88' lang='lat' dir='ltr'><strong>praeponere.</strong></span> <span class='ocrx_word' id='word_1_153' title='bbox 768 1600 975 1680; x_wconf 85' lang='lat' dir='ltr'><strong>ltaque</strong></span> <span class='ocrx_word' id='word_1_154' title='bbox 1001 1603 1065 1660; x_wconf 90' lang='lat' dir='ltr'><strong>in</strong></span> <span class='ocrx_word' id='word_1_155' title='bbox 1096 1601 1295 1680; x_wconf 85' lang='lat' dir='ltr'><strong>parvis</strong></span> <span class='ocrx_word' id='word_1_156' title='bbox 1322 1606 1500 1679; x_wconf 88' lang='lat' dir='ltr'><strong>atque</strong></span> <span class='ocrx_word' id='word_1_157' title='bbox 1529 1600 1590 1658; x_wconf 92' lang='lat' dir='ltr'><strong>in</strong></span> <span class='ocrx_word' id='word_1_158' title='bbox 1622 1597 2034 1678; x_wconf 77' lang='lat' dir='ltr'><strong>frequentibus</strong></span> <span class='ocrx_word' id='word_1_159' title='bbox 2072 1600 2264 1658; x_wconf 88' lang='lat' dir='ltr'><strong>causis</strong></span> <span class='ocrx_word' id='word_1_160' title='bbox 2294 1598 2369 1659; x_wconf 88' lang='lat' dir='ltr'><strong>ab</strong></span> <span class='ocrx_word' id='word_1_161' title='bbox 2398 1600 2526 1677; x_wconf 83' lang='lat' dir='ltr'><strong>ipsa</strong></span> 
     </span>
     <span class='ocr_line' id='line_1_18' title="bbox 289 1681 2660 1764; baseline 0 -19"><span class='ocrx_word' id='word_1_162' title='bbox 289 1702 359 1744; x_wconf 86' lang='lat' dir='ltr'><strong>re</strong></span> <span class='ocrx_word' id='word_1_163' title='bbox 388 1693 479 1745; x_wconf 88' lang='lat' dir='ltr'><strong>est</strong></span> <span class='ocrx_word' id='word_1_164' title='bbox 506 1684 769 1745; x_wconf 81' lang='lat' dir='ltr'><strong>exordiri</strong></span> <span class='ocrx_word' id='word_1_165' title='bbox 794 1702 972 1764; x_wconf 88' lang='lat' dir='ltr'><strong>saepe</strong></span> <span class='ocrx_word' id='word_1_166' title='bbox 1001 1684 1386 1745; x_wconf 81' lang='lat' dir='ltr'><strong>commodius,</strong></span> <span class='ocrx_word' id='word_1_167' title='bbox 1448 1682 1566 1744; x_wconf 88' lang='lat' dir='ltr'><strong>Sed</strong></span> <span class='ocrx_word' id='word_1_168' title='bbox 1598 1700 1733 1742; x_wconf 89' lang='lat' dir='ltr'><strong>cum</strong></span> <span class='ocrx_word' id='word_1_169' title='bbox 1765 1682 1879 1741; x_wconf 90' lang='lat' dir='ltr'><strong>erit</strong></span> <span class='ocrx_word' id='word_1_170' title='bbox 1902 1681 2188 1745; x_wconf 82' lang='lat' dir='ltr'><strong>utendum</strong></span> <span class='ocrx_word' id='word_1_171' title='bbox 2210 1683 2524 1762; x_wconf 86' lang='lat' dir='ltr'><strong>principio,</strong></span> <span class='ocrx_word' id='word_1_172' title='bbox 2556 1692 2660 1745; x_wconf 76' lang='lat'><strong>321</strong></span> 
     </span>
     <span class='ocr_line' id='line_1_19' title="bbox 287 1766 2530 1848; baseline -0.001 -20"><span class='ocrx_word' id='word_1_173' title='bbox 287 1768 448 1848; x_wconf 86' lang='lat' dir='ltr'><strong>quod</strong></span> <span class='ocrx_word' id='word_1_174' title='bbox 479 1767 830 1848; x_wconf 86' lang='lat' dir='ltr'><strong>plerumque</strong></span> <span class='ocrx_word' id='word_1_175' title='bbox 859 1770 992 1838; x_wconf 90' lang='lat' dir='ltr'><strong>erit,</strong></span> <span class='ocrx_word' id='word_1_176' title='bbox 1036 1775 1138 1829; x_wconf 87' lang='lat' dir='ltr'><strong>aut</strong></span> <span class='ocrx_word' id='word_1_177' title='bbox 1166 1786 1240 1828; x_wconf 85' lang='lat' dir='ltr'><strong>ex</strong></span> <span class='ocrx_word' id='word_1_178' title='bbox 1270 1786 1375 1828; x_wconf 89' lang='lat' dir='ltr'><strong>reo</strong></span> <span class='ocrx_word' id='word_1_179' title='bbox 1417 1773 1521 1828; x_wconf 89' lang='lat' dir='ltr'><strong>aut</strong></span> <span class='ocrx_word' id='word_1_180' title='bbox 1559 1785 1647 1827; x_wconf 83' lang='lat' dir='ltr'><strong>ex·</strong></span> <span class='ocrx_word' id='word_1_181' title='bbox 1674 1766 2015 1827; x_wconf 85' lang='lat' dir='ltr'><strong>adversario</strong></span> <span class='ocrx_word' id='word_1_182' title='bbox 2059 1774 2161 1827; x_wconf 89' lang='lat' dir='ltr'><strong>aut</strong></span> <span class='ocrx_word' id='word_1_183' title='bbox 2203 1784 2279 1826; x_wconf 83' lang='lat' dir='ltr'><strong>ex</strong></span> <span class='ocrx_word' id='word_1_184' title='bbox 2318 1783 2387 1827; x_wconf 90' lang='lat' dir='ltr'><strong>re</strong></span> <span class='ocrx_word' id='word_1_185' title='bbox 2428 1774 2530 1827; x_wconf 88' lang='lat' dir='ltr'><strong>aut</strong></span> 
     </span>
    </p>
   </div>
   <div class='ocr_carea' id='block_1_3' title="bbox 287 1849 2012 1932">
    <p class='ocr_par' dir='ltr' id='par_1_5' title="bbox 287 1849 2012 1932">
     <span class='ocr_line' id='line_1_20' title="bbox 287 1849 2012 1932; baseline -0.003 -19"><span class='ocrx_word' id='word_1_186' title='bbox 287 1871 363 1913; x_wconf 86' lang='lat' dir='ltr'><strong>ex</strong></span> <span class='ocrx_word' id='word_1_187' title='bbox 410 1853 515 1921; x_wconf 89' lang='lat' dir='ltr'><strong>eis,</strong></span> <span class='ocrx_word' id='word_1_188' title='bbox 577 1851 731 1931; x_wconf 87' lang='lat' dir='ltr'><strong>apud</strong></span> <span class='ocrx_word' id='word_1_189' title='bbox 772 1871 921 1932; x_wconf 89' lang='lat' dir='ltr'><strong>quos</strong></span> <span class='ocrx_word' id='word_1_190' title='bbox 963 1861 1201 1931; x_wconf 85' lang='lat' dir='ltr'><strong>agetur,</strong></span> <span class='ocrx_word' id='word_1_191' title='bbox 1249 1853 1574 1913; x_wconf 83' lang='lat' dir='ltr'><strong>sententias</strong></span> <span class='ocrx_word' id='word_1_192' title='bbox 1595 1850 1752 1913; x_wconf 73' lang='lat' dir='ltr'><strong>,duci</strong></span> <span class='ocrx_word' id='word_1_193' title='bbox 1790 1849 2012 1910; x_wconf 87' lang='lat' dir='ltr'><strong>licebit.</strong></span> 
     </span>
    </p>
   </div>
   <div class='ocr_carea' id='block_1_4' title="bbox 282 2066 1357 2606">
    <p class='ocr_par' dir='ltr' id='par_1_6' title="bbox 282 2066 1357 2606">
     <span class='ocr_line' id='line_1_21' title="bbox 285 2066 1354 2137; baseline -0.002 -17"><span class='ocrx_word' id='word_1_194' title='bbox 285 2068 430 2120; x_wconf 87' lang='lat' dir='ltr'><strong>Doch</strong></span> <span class='ocrx_word' id='word_1_195' title='bbox 455 2067 736 2137; x_wconf 85' lang='lat' dir='ltr'><strong>entspricht</strong></span> <span class='ocrx_word' id='word_1_196' title='bbox 770 2068 937 2120; x_wconf 85' lang='lat' dir='ltr'><strong>evolet</strong></span> <span class='ocrx_word' id='word_1_197' title='bbox 969 2069 1066 2119; x_wconf 78' lang='lat' dir='ltr'><strong>wo!</strong></span> <span class='ocrx_word' id='word_1_198' title='bbox 1088 2066 1213 2118; x_wconf 76' lang='lat' dir='ltr'><strong>&#39;eher</strong></span> <span class='ocrx_word' id='word_1_199' title='bbox 1237 2070 1354 2119; x_wconf 88' lang='lat' dir='ltr'><strong>dem</strong></span> 
     </span>
     <span class='ocr_line' id='line_1_22' title="bbox 285 2135 1355 2204; baseline -0.001 -17"><span class='ocrx_word' id='word_1_200' title='bbox 285 2137 592 2204; x_wconf 72' lang='lat' dir='ltr'><strong>profundat:</strong></span> <span class='ocrx_word' id='word_1_201' title='bbox 643 2136 770 2186; x_wconf 82' lang='lat' dir='ltr'><strong>nach</strong></span> <span class='ocrx_word' id='word_1_202' title='bbox 804 2137 973 2187; x_wconf 85' lang='lat' dir='ltr'><strong>Breite</strong></span> <span class='ocrx_word' id='word_1_203' title='bbox 1019 2135 1355 2203; x_wconf 78' lang='lat' dir='ltr'><strong>(profundat)</strong></span> 
     </span>
     <span class='ocr_line' id='line_1_23' title="bbox 287 2202 1355 2285; baseline 0 -30"><span class='ocrx_word' id='word_1_204' title='bbox 287 2206 394 2285; x_wconf 76' lang='lat' dir='ltr'><strong>und</strong></span> <span class='ocrx_word' id='word_1_205' title='bbox 428 2204 572 2255; x_wconf 79' lang='grc' dir='ltr'><strong>ΗὸΙιο</strong></span> <span class='ocrx_word' id='word_1_206' title='bbox 602 2204 838 2268; x_wconf 84' lang='lat' dir='ltr'><strong>(evolet).</strong></span> <span class='ocrx_word' id='word_1_207' title='bbox 901 2202 1218 2270; x_wconf 68' lang='lat' dir='ltr'><strong>Nigelsbach</strong></span> <span class='ocrx_word' id='word_1_208' title='bbox 1239 2205 1355 2255; x_wconf 79' lang='lat' dir='ltr'><strong>Lat.</strong></span> 
     </span>
     <span class='ocr_line' id='line_1_24' title="bbox 286 2269 1354 2406; baseline -0.002 -14"><span class='ocrx_word' id='word_1_209' title='bbox 286 2269 766 2406; x_wconf 41' lang='lat' dir='ltr'><strong>Sthgtiegiradem</strong></span> <span class='ocrx_word' id='word_1_210' title='bbox 788 2338 1098 2405; x_wconf 76' lang='lat' dir='ltr'><strong>physischen</strong></span> <span class='ocrx_word' id='word_1_211' title='bbox 1122 2337 1354 2390; x_wconf 84' lang='lat' dir='ltr'><strong>Gebiete.</strong></span> 
     </span>
     <span class='ocr_line' id='line_1_25' title="bbox 282 2406 1351 2473; baseline -0.002 -15"><span class='ocrx_word' id='word_1_212' title='bbox 282 2416 531 2473; x_wconf 67' lang='lat' dir='ltr'><strong>aptentur,</strong></span> <span class='ocrx_word' id='word_1_213' title='bbox 573 2407 666 2457; x_wconf 77' lang='lat' dir='ltr'><strong>auf</strong></span> <span class='ocrx_word' id='word_1_214' title='bbox 692 2407 810 2457; x_wconf 89' lang='lat' dir='ltr'><strong>dem</strong></span> <span class='ocrx_word' id='word_1_215' title='bbox 836 2408 1043 2459; x_wconf 85' lang='lat' dir='ltr'><strong>Gebiete</strong></span> <span class='ocrx_word' id='word_1_216' title='bbox 1076 2408 1168 2457; x_wconf 79' lang='lat' dir='ltr'><strong>dea</strong></span> <span class='ocrx_word' id='word_1_217' title='bbox 1193 2406 1351 2457; x_wconf 77' lang='lat' dir='ltr'><strong>freien</strong></span> 
     </span>
     <span class='ocr_line' id='line_1_26' title="bbox 285 2475 1357 2606; baseline -0.004 -13"><span class='ocrx_word' id='word_1_218' title='bbox 285 2475 602 2593; x_wconf 43' lang='lat' dir='ltr'><strong>W&#39;zlgemenm</strong></span> <span class='ocrx_word' id='word_1_219' title='bbox 617 2566 688 2579; x_wconf 90' lang='lat'><strong>—</strong></span> <span class='ocrx_word' id='word_1_220' title='bbox 703 2542 794 2591; x_wconf 88' lang='lat' dir='ltr'><strong>mit</strong></span> <span class='ocrx_word' id='word_1_221' title='bbox 812 2542 1121 2592; x_wconf 86' lang='lat' dir='ltr'><strong>besonderer</strong></span> <span class='ocrx_word' id='word_1_222' title='bbox 1135 2541 1209 2591; x_wconf 83' lang='lat' dir='ltr'><strong>En</strong></span> <span class='ocrx_word' id='word_1_223' title='bbox 1216 2542 1357 2606; x_wconf 82' lang='lat' dir='ltr'><strong>ergie</strong></span> 
     </span>
    </p>
   </div>
   <div class='ocr_carea' id='block_1_5' title="bbox 286 2608 1358 2743">
    <p class='ocr_par' dir='ltr' id='par_1_7' title="bbox 286 2608 1358 2743">
     <span class='ocr_line' id='line_1_27' title="bbox 286 2608 807 2673; baseline -0.004 -12"><span class='ocrx_word' id='word_1_224' title='bbox 286 2611 397 2662; x_wconf 86' lang='lat' dir='ltr'><strong>und</strong></span> <span class='ocrx_word' id='word_1_225' title='bbox 416 2608 807 2673; x_wconf 82' lang='lat' dir='ltr'><strong>Lebendigkeit.</strong></span> 
     </span>
     <span class='ocr_line' id='line_1_28' title="bbox 352 2673 1358 2743; baseline -0.005 -15"><span class='ocrx_word' id='word_1_226' title='bbox 352 2678 656 2743; x_wconf 77' lang='lat' dir='ltr'><strong>praetexuit</strong></span> <span class='ocrx_word' id='word_1_227' title='bbox 688 2703 749 2713; x_wconf 93' lang='lat'><strong>-·</strong></span> <span class='ocrx_word' id='word_1_228' title='bbox 793 2673 1018 2725; x_wconf 84' lang='lat' dir='ltr'><strong>weislich</strong></span> <span class='ocrx_word' id='word_1_229' title='bbox 1049 2674 1358 2724; x_wconf 82' lang='lat' dir='ltr'><strong>vorbereitet</strong></span> 
     </span>
    </p>
   </div>
   <div class='ocr_carea' id='block_1_6' title="bbox 278 2741 1361 4225">
    <p class='ocr_par' dir='ltr' id='par_1_8' title="bbox 282 2741 1357 2875">
     <span class='ocr_line' id='line_1_29' title="bbox 282 2741 1357 2809; baseline -0.006 -13"><span class='ocrx_word' id='word_1_230' title='bbox 282 2744 447 2809; x_wconf 84' lang='lat' dir='ltr'><strong>(prae</strong></span> <span class='ocrx_word' id='word_1_231' title='bbox 488 2745 540 2794; x_wconf 88' lang='lat' dir='ltr'><strong>d.</strong></span> <span class='ocrx_word' id='word_1_232' title='bbox 576 2744 629 2794; x_wconf 86' lang='lat' dir='ltr'><strong>h.</strong></span> <span class='ocrx_word' id='word_1_233' title='bbox 666 2743 763 2793; x_wconf 86' lang='lat' dir='ltr'><strong>ebe</strong></span> <span class='ocrx_word' id='word_1_234' title='bbox 795 2743 891 2792; x_wconf 77' lang='grc'><strong>(188</strong></span> <span class='ocrx_word' id='word_1_235' title='bbox 924 2741 1229 2807; x_wconf 80' lang='lat' dir='ltr'><strong>cigentlicbe</strong></span> <span class='ocrx_word' id='word_1_236' title='bbox 1253 2742 1357 2793; x_wconf 88' lang='lat' dir='ltr'><strong>Ge-</strong></span> 
     </span>
     <span class='ocr_line' id='line_1_30' title="bbox 284 2808 1356 2875; baseline -0.002 -15"><span class='ocrx_word' id='word_1_237' title='bbox 284 2814 434 2862; x_wconf 80' lang='lat' dir='ltr'><strong>webe</strong></span> <span class='ocrx_word' id='word_1_238' title='bbox 457 2810 720 2875; x_wconf 59' lang='lat' dir='ltr'><strong>anitium),</strong></span> <span class='ocrx_word' id='word_1_239' title='bbox 753 2809 1075 2875; x_wconf 70' lang='lat' dir='ltr'><strong>Nigelsbach</strong></span> <span class='ocrx_word' id='word_1_240' title='bbox 1101 2810 1213 2860; x_wconf 83' lang='lat' dir='ltr'><strong>Lat.</strong></span> <span class='ocrx_word' id='word_1_241' title='bbox 1240 2808 1356 2860; x_wconf 88' lang='lat' dir='ltr'><strong>Stil.</strong></span> 
     </span>
    </p>

    <p class='ocr_par' dir='ltr' id='par_1_9' title="bbox 349 2878 533 2938">
     <span class='ocr_line' id='line_1_31' title="bbox 349 2878 533 2938; baseline -0.005 -10"><span class='ocrx_word' id='word_1_242' title='bbox 349 2878 463 2938; x_wconf 80' lang='lat'><strong>135,</strong></span> <span class='ocrx_word' id='word_1_243' title='bbox 487 2888 533 2928; x_wconf 81' lang='lat'><strong>2.</strong></span> 
     </span>
    </p>

    <p class='ocr_par' dir='ltr' id='par_1_10' title="bbox 282 2877 1360 3199">
     <span class='ocr_line' id='line_1_32' title="bbox 282 2877 1360 3005; baseline -0.004 -9"><span class='ocrx_word' id='word_1_244' title='bbox 282 2877 320 2945; x_wconf 69' lang='lat' dir='ltr'>S</span> <span class='ocrx_word' id='word_1_245' title='bbox 354 2955 448 2997; x_wconf 75' lang='lat'><strong>318.</strong></span> <span class='ocrx_word' id='word_1_246' title='bbox 483 2947 721 2996; x_wconf 76' lang='lat' dir='ltr'><strong>alicunde</strong></span> <span class='ocrx_word' id='word_1_247' title='bbox 740 2946 857 2995; x_wconf 88' lang='lat'><strong>—1</strong></span> <span class='ocrx_word' id='word_1_248' title='bbox 887 2945 981 3005; x_wconf 82' lang='lat'><strong>42,</strong></span> <span class='ocrx_word' id='word_1_249' title='bbox 1018 2952 1092 2994; x_wconf 75' lang='grc'><strong>188</strong></span> <span class='ocrx_word' id='word_1_250' title='bbox 1130 2942 1360 2994; x_wconf 78' lang='lat' dir='ltr'><strong>adhibita</strong></span> 
     </span>
     <span class='ocr_line' id='line_1_33' title="bbox 283 3012 1360 3080; baseline -0.003 -17"><span class='ocrx_word' id='word_1_251' title='bbox 283 3025 367 3064; x_wconf 85' lang='lat' dir='ltr'><strong>est</strong></span> <span class='ocrx_word' id='word_1_252' title='bbox 387 3014 548 3080; x_wconf 87' lang='lat' dir='ltr'><strong>igitur</strong></span> <span class='ocrx_word' id='word_1_253' title='bbox 568 3027 653 3063; x_wconf 78' lang='lat' dir='ltr'><strong>ars</strong></span> <span class='ocrx_word' id='word_1_254' title='bbox 677 3013 927 3076; x_wconf 68' lang='lat' dir='ltr'><strong>quaedam</strong></span> <span class='ocrx_word' id='word_1_255' title='bbox 946 3012 1266 3063; x_wconf 77' lang='lat' dir='ltr'><strong>extrinsecus</strong></span> <span class='ocrx_word' id='word_1_256' title='bbox 1292 3026 1360 3060; x_wconf 85' lang='lat' dir='ltr'><strong>ex</strong></span> 
     </span>
     <span class='ocr_line' id='line_1_34' title="bbox 284 3079 1357 3146; baseline -0.003 -15"><span class='ocrx_word' id='word_1_257' title='bbox 284 3083 387 3132; x_wconf 80' lang='lat' dir='ltr'><strong>alio</strong></span> <span class='ocrx_word' id='word_1_258' title='bbox 426 3096 615 3146; x_wconf 83' lang='lat' dir='ltr'><strong>genere</strong></span> <span class='ocrx_word' id='word_1_259' title='bbox 646 3081 887 3145; x_wconf 81' lang='lat' dir='ltr'><strong>quodam.</strong></span> <span class='ocrx_word' id='word_1_260' title='bbox 948 3080 1154 3129; x_wconf 84' lang='lat' dir='ltr'><strong>Andere</strong></span> <span class='ocrx_word' id='word_1_261' title='bbox 1186 3079 1357 3129; x_wconf 80' lang='lat' dir='ltr'><strong>lesen:</strong></span> 
     </span>
     <span class='ocr_line' id='line_1_35' title="bbox 282 3150 507 3199; baseline 0.004 -1"><span class='ocrx_word' id='word_1_262' title='bbox 282 3150 507 3199; x_wconf 81' lang='lat' dir='ltr'><strong>aliunde.</strong></span> 
     </span>
    </p>

    <p class='ocr_par' dir='ltr' id='par_1_11' title="bbox 282 3213 1359 3482">
     <span class='ocr_line' id='line_1_36' title="bbox 355 3213 1359 3280; baseline -0.004 -14"><span class='ocrx_word' id='word_1_263' title='bbox 355 3232 428 3266; x_wconf 75' lang='lat' dir='ltr'><strong>ex</strong></span> <span class='ocrx_word' id='word_1_264' title='bbox 459 3216 590 3280; x_wconf 71' lang='lat' dir='ltr'><strong>ipsis</strong></span> <span class='ocrx_word' id='word_1_265' title='bbox 620 3215 914 3265; x_wconf 69' lang='lat' dir='ltr'><strong>visceribus.</strong></span> <span class='ocrx_word' id='word_1_266' title='bbox 963 3214 1083 3279; x_wconf 77' lang='lat' dir='ltr'><strong>Vgl.</strong></span> <span class='ocrx_word' id='word_1_267' title='bbox 1109 3214 1183 3263; x_wconf 84' lang='lat'><strong>111</strong></span> <span class='ocrx_word' id='word_1_268' title='bbox 1213 3213 1309 3275; x_wconf 84' lang='lat'><strong>27,</strong></span> <span class='ocrx_word' id='word_1_269' title='bbox 1333 3221 1359 3263; x_wconf 74' lang='grc' dir='ltr'><strong><em>ο</em></strong></span> 
     </span>
     <span class='ocr_line' id='line_1_37' title="bbox 282 3281 1357 3343; baseline -0.003 -10"><span class='ocrx_word' id='word_1_270' title='bbox 282 3284 337 3333; x_wconf 82' lang='lat' dir='ltr'><strong>in</strong></span> <span class='ocrx_word' id='word_1_271' title='bbox 363 3309 434 3319; x_wconf 90' lang='lat'>—</span> <span class='ocrx_word' id='word_1_272' title='bbox 455 3282 643 3332; x_wconf 72' lang='lat' dir='ltr'><strong>nervia.</strong></span> <span class='ocrx_word' id='word_1_273' title='bbox 668 3283 797 3331; x_wconf 87' lang='lat' dir='ltr'><strong>Phil.</strong></span> <span class='ocrx_word' id='word_1_274' title='bbox 820 3283 840 3330; x_wconf 90' lang='lat'><em>1</em></span> <span class='ocrx_word' id='word_1_275' title='bbox 868 3281 948 3343; x_wconf 83' lang='lat'><strong>15,</strong></span> <span class='ocrx_word' id='word_1_276' title='bbox 966 3290 1021 3332; x_wconf 73' lang='grc'><strong>36</strong></span> <span class='ocrx_word' id='word_1_277' title='bbox 1041 3282 1093 3329; x_wconf 91' lang='lat' dir='ltr'><strong>in</strong></span> <span class='ocrx_word' id='word_1_278' title='bbox 1117 3281 1357 3330; x_wconf 80' lang='lat' dir='ltr'><strong>medullis</strong></span> 
     </span>
     <span class='ocr_line' id='line_1_38' title="bbox 287 3347 1357 3417; baseline -0.004 -16"><span class='ocrx_word' id='word_1_279' title='bbox 287 3364 415 3417; x_wconf 79' lang='lat' dir='ltr'><strong>pop.</strong></span> <span class='ocrx_word' id='word_1_280' title='bbox 440 3350 594 3399; x_wconf 80' lang='lat' dir='ltr'><strong>Rom.</strong></span> <span class='ocrx_word' id='word_1_281' title='bbox 616 3363 677 3397; x_wconf 81' lang='lat' dir='ltr'><strong>ac</strong></span> <span class='ocrx_word' id='word_1_282' title='bbox 697 3350 999 3399; x_wconf 78' lang='lat' dir='ltr'><strong>visceribus.</strong></span> <span class='ocrx_word' id='word_1_283' title='bbox 1034 3347 1357 3413; x_wconf 65' lang='lat' dir='ltr'><strong>Nfigelsbacb</strong></span> 
     </span>
     <span class='ocr_line' id='line_1_39' title="bbox 287 3414 807 3482; baseline -0.006 -14"><span class='ocrx_word' id='word_1_284' title='bbox 287 3419 401 3468; x_wconf 74' lang='lat' dir='ltr'><strong>Lat.</strong></span> <span class='ocrx_word' id='word_1_285' title='bbox 425 3417 538 3468; x_wconf 74' lang='lat' dir='ltr'><strong>Stil.</strong></span> <span class='ocrx_word' id='word_1_286' title='bbox 566 3415 597 3482; x_wconf 74' lang='lat' dir='ltr'>S</span> <span class='ocrx_word' id='word_1_287' title='bbox 627 3414 741 3475; x_wconf 81' lang='lat'><strong>128,</strong></span> <span class='ocrx_word' id='word_1_288' title='bbox 762 3424 807 3465; x_wconf 80' lang='lat'><strong>4.</strong></span> 
     </span>
    </p>

    <p class='ocr_par' dir='ltr' id='par_1_12' title="bbox 281 3482 1361 3887">
     <span class='ocr_line' id='line_1_40' title="bbox 355 3482 1361 3549; baseline -0.004 -14"><span class='ocrx_word' id='word_1_289' title='bbox 355 3493 451 3535; x_wconf 77' lang='grc'><strong>319.</strong></span> <span class='ocrx_word' id='word_1_290' title='bbox 488 3485 784 3549; x_wconf 68' lang='lat' dir='ltr'><strong>reperietur</strong></span> <span class='ocrx_word' id='word_1_291' title='bbox 807 3498 858 3533; x_wconf 89' lang='lat' dir='ltr'><strong>u.</strong></span> <span class='ocrx_word' id='word_1_292' title='bbox 881 3490 1132 3546; x_wconf 66' lang='lat' dir='ltr'><strong>manetur,</strong></span> <span class='ocrx_word' id='word_1_293' title='bbox 1165 3482 1239 3531; x_wconf 84' lang='lat' dir='ltr'><strong>im</strong></span> <span class='ocrx_word' id='word_1_294' title='bbox 1263 3497 1361 3532; x_wconf 91' lang='lat' dir='ltr'><strong>en-</strong></span> 
     </span>
     <span class='ocr_line' id='line_1_41' title="bbox 281 3546 1358 3618; baseline -0.004 -16"><span class='ocrx_word' id='word_1_295' title='bbox 281 3568 387 3618; x_wconf 76' lang='lat' dir='ltr'><strong>gen</strong></span> <span class='ocrx_word' id='word_1_296' title='bbox 403 3553 685 3602; x_wconf 77' lang='lat' dir='ltr'><strong>Anachluss</strong></span> <span class='ocrx_word' id='word_1_297' title='bbox 703 3565 769 3601; x_wconf 84' lang='lat' dir='ltr'><strong>an</strong></span> <span class='ocrx_word' id='word_1_298' title='bbox 789 3551 889 3600; x_wconf 86' lang='lat' dir='ltr'><strong>den</strong></span> <span class='ocrx_word' id='word_1_299' title='bbox 899 3546 1358 3614; x_wconf 76' lang='lat' dir='ltr'><strong>vorausgehenden</strong></span> 
     </span>
     <span class='ocr_line' id='line_1_42' title="bbox 283 3616 1358 3687; baseline -0.004 -17"><span class='ocrx_word' id='word_1_300' title='bbox 283 3620 528 3685; x_wconf 73' lang='lat' dir='ltr'><strong>singular</strong></span> <span class='ocrx_word' id='word_1_301' title='bbox 550 3616 882 3687; x_wconf 87' lang='lat' dir='ltr'><strong>(principio).</strong></span> <span class='ocrx_word' id='word_1_302' title='bbox 929 3617 1024 3668; x_wconf 81' lang='lat' dir='ltr'><strong>Mit</strong></span> <span class='ocrx_word' id='word_1_303' title='bbox 1049 3618 1124 3667; x_wconf 81' lang='lat' dir='ltr'><strong>lta</strong></span> <span class='ocrx_word' id='word_1_304' title='bbox 1147 3618 1358 3682; x_wconf 84' lang='lat' dir='ltr'><strong>beginnt</strong></span> 
     </span>
     <span class='ocr_line' id='line_1_43' title="bbox 286 3683 1360 3737; baseline -0.003 0"><span class='ocrx_word' id='word_1_305' title='bbox 286 3688 425 3737; x_wconf 81' lang='lat' dir='ltr'><strong>daun</strong></span> <span class='ocrx_word' id='word_1_306' title='bbox 483 3687 574 3737; x_wconf 82' lang='lat' dir='ltr'><strong>der</strong></span> <span class='ocrx_word' id='word_1_307' title='bbox 628 3686 1050 3737; x_wconf 79' lang='lat' dir='ltr'><strong>abschlieesende</strong></span> <span class='ocrx_word' id='word_1_308' title='bbox 1095 3683 1360 3734; x_wconf 77' lang='lat' dir='ltr'><strong>Gedanke.</strong></span> 
     </span>
     <span class='ocr_line' id='line_1_44' title="bbox 284 3752 1355 3820; baseline -0.004 -15"><span class='ocrx_word' id='word_1_309' title='bbox 284 3755 379 3806; x_wconf 83' lang='lat' dir='ltr'><strong>Die</strong></span> <span class='ocrx_word' id='word_1_310' title='bbox 403 3755 749 3820; x_wconf 75' lang='lat' dir='ltr'><strong>Vulgatiesart</strong></span> <span class='ocrx_word' id='word_1_311' title='bbox 769 3755 864 3803; x_wconf 75' lang='lat' dir='ltr'><strong>istz</strong></span> <span class='ocrx_word' id='word_1_312' title='bbox 888 3752 1234 3819; x_wconf 75' lang='lat' dir='ltr'><strong>reperientur,</strong></span> <span class='ocrx_word' id='word_1_313' title='bbox 1261 3767 1355 3802; x_wconf 82' lang='lat' dir='ltr'><strong>su-</strong></span> 
     </span>
     <span class='ocr_line' id='line_1_45' title="bbox 284 3818 878 3887; baseline 0 -15"><span class='ocrx_word' id='word_1_314' title='bbox 284 3831 504 3873; x_wconf 82' lang='lat' dir='ltr'><strong>mentur.</strong></span> <span class='ocrx_word' id='word_1_315' title='bbox 541 3823 679 3880; x_wconf 74' lang='lat' dir='ltr'><strong>dimi,</strong></span> <span class='ocrx_word' id='word_1_316' title='bbox 704 3818 737 3887; x_wconf 76' lang='lat' dir='ltr'>S</span> <span class='ocrx_word' id='word_1_317' title='bbox 760 3820 878 3873; x_wconf 77' lang='lat'><strong>311.</strong></span> 
     </span>
    </p>

    <p class='ocr_par' dir='ltr' id='par_1_13' title="bbox 278 3884 1359 4225">
     <span class='ocr_line' id='line_1_46' title="bbox 355 3884 1357 3955; baseline -0.005 -14"><span class='ocrx_word' id='word_1_318' title='bbox 355 3890 671 3955; x_wconf 68' lang='lat' dir='ltr'><strong>effloruisse,</strong></span> <span class='ocrx_word' id='word_1_319' title='bbox 711 3888 807 3952; x_wconf 80' lang='lat'><strong>16,</strong></span> <span class='ocrx_word' id='word_1_320' title='bbox 831 3898 899 3939; x_wconf 79' lang='lat'><strong>20.</strong></span> <span class='ocrx_word' id='word_1_321' title='bbox 933 3888 1005 3937; x_wconf 88' lang='lat'><strong>111</strong></span> <span class='ocrx_word' id='word_1_322' title='bbox 1028 3884 1120 3949; x_wconf 74' lang='lat'><strong>48,</strong></span> <span class='ocrx_word' id='word_1_323' title='bbox 1148 3895 1243 3937; x_wconf 78' lang='lat'><strong>185.</strong></span> <span class='ocrx_word' id='word_1_324' title='bbox 1291 3886 1357 3936; x_wconf 86' lang='lat' dir='ltr'><strong>de</strong></span> 
     </span>
     <span class='ocr_line' id='line_1_47' title="bbox 282 3953 1358 4024; baseline -0.005 -17"><span class='ocrx_word' id='word_1_325' title='bbox 282 3972 395 4024; x_wconf 79' lang='lat' dir='ltr'><strong>rep.</strong></span> <span class='ocrx_word' id='word_1_326' title='bbox 425 3960 445 4007; x_wconf 90' lang='lat'><em>1</em></span> <span class='ocrx_word' id='word_1_327' title='bbox 467 3955 552 4017; x_wconf 81' lang='lat'><strong>29,</strong></span> <span class='ocrx_word' id='word_1_328' title='bbox 577 3966 646 4007; x_wconf 67' lang='lat'><strong>⁴5.</strong></span> <span class='ocrx_word' id='word_1_329' title='bbox 694 3956 849 4006; x_wconf 66' lang='lat' dir='ltr'><strong>Tune.</strong></span> <span class='ocrx_word' id='word_1_330' title='bbox 874 3956 921 4004; x_wconf 89' lang='lat' dir='ltr'>V</span> <span class='ocrx_word' id='word_1_331' title='bbox 942 3955 1029 4015; x_wconf 72' lang='lat'><strong>25,</strong></span> <span class='ocrx_word' id='word_1_332' title='bbox 1053 3964 1104 4004; x_wconf 78' lang='lat'><strong>⁷1</strong></span> <span class='ocrx_word' id='word_1_333' title='bbox 1127 3954 1251 4004; x_wconf 85' lang='lat' dir='ltr'><strong>hinc</strong></span> <span class='ocrx_word' id='word_1_334' title='bbox 1268 3953 1358 4003; x_wconf 79' lang='grc'><strong>1118,</strong></span> 
     </span>
     <span class='ocr_line' id='line_1_48' title="bbox 278 4021 1359 4090; baseline -0.004 -16"><span class='ocrx_word' id='word_1_335' title='bbox 278 4025 509 4090; x_wconf 77' lang='lat' dir='ltr'><strong>cognitio</strong></span> <span class='ocrx_word' id='word_1_336' title='bbox 544 4023 745 4074; x_wconf 75' lang='lat' dir='ltr'><strong>virtutis</strong></span> <span class='ocrx_word' id='word_1_337' title='bbox 780 4024 981 4082; x_wconf 80' lang='lat' dir='ltr'><strong>existit,</strong></span> <span class='ocrx_word' id='word_1_338' title='bbox 1029 4021 1359 4073; x_wconf 80' lang='lat' dir='ltr'><strong>emoreseunt</strong></span> 
     </span>
     <span class='ocr_line' id='line_1_49' title="bbox 280 4088 1356 4157; baseline -0.003 -16"><span class='ocrx_word' id='word_1_339' title='bbox 280 4106 476 4157; x_wconf 75' lang='lat' dir='ltr'><strong>genera</strong></span> <span class='ocrx_word' id='word_1_340' title='bbox 498 4101 774 4157; x_wconf 78' lang='lat' dir='ltr'><strong>partesque</strong></span> <span class='ocrx_word' id='word_1_341' title='bbox 795 4091 1059 4141; x_wconf 77' lang='lat' dir='ltr'><strong>virtutum.</strong></span> <span class='ocrx_word' id='word_1_342' title='bbox 1102 4090 1246 4140; x_wconf 78' lang='lat' dir='ltr'><strong>Lael.</strong></span> <span class='ocrx_word' id='word_1_343' title='bbox 1268 4088 1356 4146; x_wconf 79' lang='lat'><strong>27,</strong></span> 
     </span>
     <span class='ocr_line' id='line_1_50' title="bbox 284 4155 1357 4225; baseline -0.003 -16"><span class='ocrx_word' id='word_1_344' title='bbox 284 4168 365 4210; x_wconf 75' lang='lat' dir='ltr'><strong>too</strong></span> <span class='ocrx_word' id='word_1_345' title='bbox 389 4174 522 4221; x_wconf 67' lang='grc' dir='ltr'><strong>(ωηο</strong></span> <span class='ocrx_word' id='word_1_346' title='bbox 545 4155 649 4225; x_wconf 86' lang='grc' dir='ltr'><strong>(8ο.</strong></span> <span class='ocrx_word' id='word_1_347' title='bbox 676 4156 895 4222; x_wconf 73' lang='lat' dir='ltr'><strong>utiiitas)</strong></span> <span class='ocrx_word' id='word_1_348' title='bbox 926 4167 1099 4208; x_wconf 84' lang='lat' dir='ltr'><strong>tamen</strong></span> <span class='ocrx_word' id='word_1_349' title='bbox 1129 4158 1245 4222; x_wconf 74' lang='lat' dir='ltr'><strong>ipse.</strong></span> <span class='ocrx_word' id='word_1_350' title='bbox 1276 4155 1357 4206; x_wconf 70' lang='lat' dir='ltr'><strong>et·</strong></span> 
     </span>
    </p>
   </div>
   <div class='ocr_carea' id='block_1_7' title="bbox 2100 1849 2535 1928">
    <p class='ocr_par' dir='ltr' id='par_1_14' title="bbox 2100 1849 2535 1928">
     <span class='ocr_line' id='line_1_51' title="bbox 2100 1849 2535 1928; baseline -0.002 -17"><span class='ocrx_word' id='word_1_351' title='bbox 2100 1850 2187 1911; x_wconf 84' lang='lat' dir='ltr'><strong>Ex</strong></span> <span class='ocrx_word' id='word_1_352' title='bbox 2227 1867 2332 1911; x_wconf 87' lang='lat' dir='ltr'><strong>reo</strong></span> <span class='ocrx_word' id='word_1_353' title='bbox 2377 1849 2535 1928; x_wconf 87' lang='lat' dir='ltr'><strong>(reos</strong></span> 
     </span>
    </p>
   </div>
   <div class='ocr_carea' id='block_1_8' title="bbox 1454 2066 2535 2872">
    <p class='ocr_par' dir='ltr' id='par_1_15' title="bbox 1456 2066 2530 2270">
     <span class='ocr_line' id='line_1_52' title="bbox 1458 2066 2530 2125; baseline -0.001 -7"><span class='ocrx_word' id='word_1_354' title='bbox 1458 2069 1682 2120; x_wconf 82' lang='lat' dir='ltr'><strong>florescit</strong></span> <span class='ocrx_word' id='word_1_355' title='bbox 1706 2084 1773 2117; x_wconf 89' lang='lat' dir='ltr'><strong>ex</strong></span> <span class='ocrx_word' id='word_1_356' title='bbox 1804 2068 2045 2118; x_wconf 79' lang='lat' dir='ltr'><strong>amicitia.</strong></span> <span class='ocrx_word' id='word_1_357' title='bbox 2105 2066 2186 2117; x_wconf 89' lang='lat' dir='ltr'><strong>Or.</strong></span> <span class='ocrx_word' id='word_1_358' title='bbox 2215 2066 2274 2117; x_wconf 89' lang='lat' dir='ltr'><strong>P.</strong></span> <span class='ocrx_word' id='word_1_359' title='bbox 2297 2067 2394 2125; x_wconf 83' lang='lat'><strong>40,</strong></span> <span class='ocrx_word' id='word_1_360' title='bbox 2434 2075 2530 2118; x_wconf 77' lang='grc'><strong>139.</strong></span> 
     </span>
     <span class='ocr_line' id='line_1_53' title="bbox 1459 2133 2528 2198; baseline -0.001 -12"><span class='ocrx_word' id='word_1_361' title='bbox 1459 2137 1722 2198; x_wconf 74' lang='lat' dir='ltr'><strong>(Audet-e:</strong></span> <span class='ocrx_word' id='word_1_362' title='bbox 1756 2135 2021 2185; x_wconf 79' lang='lat' dir='ltr'><strong>effluxisse</strong></span> <span class='ocrx_word' id='word_1_363' title='bbox 2054 2136 2178 2184; x_wconf 89' lang='lat' dir='ltr'><strong>oder</strong></span> <span class='ocrx_word' id='word_1_364' title='bbox 2201 2133 2528 2197; x_wconf 80' lang='lat' dir='ltr'><strong>defluxisse).</strong></span> 
     </span>
     <span class='ocr_line' id='line_1_54' title="bbox 1456 2199 2322 2270; baseline -0.001 -16"><span class='ocrx_word' id='word_1_365' title='bbox 1456 2202 1779 2270; x_wconf 69' lang='lat' dir='ltr'><strong>Nigeisbach</strong></span> <span class='ocrx_word' id='word_1_366' title='bbox 1802 2203 1914 2252; x_wconf 78' lang='lat' dir='ltr'><strong>Lat.</strong></span> <span class='ocrx_word' id='word_1_367' title='bbox 1941 2201 2056 2253; x_wconf 85' lang='lat' dir='ltr'><strong>Stil.</strong></span> <span class='ocrx_word' id='word_1_368' title='bbox 2078 2203 2110 2261; x_wconf 76' lang='lat' dir='ltr'>S</span> <span class='ocrx_word' id='word_1_369' title='bbox 2135 2199 2252 2260; x_wconf 81' lang='lat'><strong>130,</strong></span> <span class='ocrx_word' id='word_1_370' title='bbox 2276 2210 2322 2253; x_wconf 80' lang='grc'><strong>2.</strong></span> 
     </span>
    </p>

    <p class='ocr_par' dir='ltr' id='par_1_16' title="bbox 1456 2269 2531 2468">
     <span class='ocr_line' id='line_1_55' title="bbox 1526 2269 2529 2333; baseline -0.002 -13"><span class='ocrx_word' id='word_1_371' title='bbox 1526 2270 1618 2333; x_wconf 81' lang='lat'><strong>79,</strong></span> <span class='ocrx_word' id='word_1_372' title='bbox 1656 2279 1750 2322; x_wconf 63' lang='grc' dir='ltr'><strong>πθ.</strong></span> <span class='ocrx_word' id='word_1_373' title='bbox 1794 2271 1880 2321; x_wconf 77' lang='lat' dir='ltr'><strong>rei</strong></span> <span class='ocrx_word' id='word_1_374' title='bbox 1908 2270 2065 2319; x_wconf 65' lang='lat' dir='ltr'><strong>totius</strong></span> <span class='ocrx_word' id='word_1_375' title='bbox 2094 2269 2529 2332; x_wconf 61' lang='lat' dir='ltr'><strong>significationem,</strong></span> 
     </span>
     <span class='ocr_line' id='line_1_56' title="bbox 1457 2332 2531 2402; baseline -0.004 -13"><span class='ocrx_word' id='word_1_376' title='bbox 1457 2354 1516 2389; x_wconf 87' lang='grc' dir='ltr'><strong>8ο</strong></span> <span class='ocrx_word' id='word_1_377' title='bbox 1542 2338 1662 2389; x_wconf 79' lang='lat' dir='ltr'><strong>dass</strong></span> <span class='ocrx_word' id='word_1_378' title='bbox 1686 2338 1779 2388; x_wconf 83' lang='lat' dir='ltr'><strong>das</strong></span> <span class='ocrx_word' id='word_1_379' title='bbox 1802 2336 2118 2402; x_wconf 87' lang='lat' dir='ltr'><strong>prooemium</strong></span> <span class='ocrx_word' id='word_1_380' title='bbox 2137 2336 2231 2386; x_wconf 82' lang='lat' dir='ltr'><strong>das</strong></span> <span class='ocrx_word' id='word_1_381' title='bbox 2242 2332 2415 2386; x_wconf 77' lang='lat' dir='ltr'><strong>Ganze</strong></span> <span class='ocrx_word' id='word_1_382' title='bbox 2432 2336 2531 2386; x_wconf 82' lang='lat' dir='ltr'><strong>wie</strong></span> 
     </span>
     <span class='ocr_line' id='line_1_57' title="bbox 1456 2403 2112 2468; baseline -0.003 -13"><span class='ocrx_word' id='word_1_383' title='bbox 1456 2408 1526 2455; x_wconf 88' lang='lat' dir='ltr'><strong>im</strong></span> <span class='ocrx_word' id='word_1_384' title='bbox 1549 2407 1725 2456; x_wconf 84' lang='lat' dir='ltr'><strong>Keime</strong></span> <span class='ocrx_word' id='word_1_385' title='bbox 1747 2404 1801 2454; x_wconf 84' lang='lat' dir='ltr'><strong>in</strong></span> <span class='ocrx_word' id='word_1_386' title='bbox 1825 2403 1934 2456; x_wconf 83' lang='lat' dir='ltr'><strong>sich</strong></span> <span class='ocrx_word' id='word_1_387' title='bbox 1960 2407 2112 2468; x_wconf 70' lang='lat' dir='ltr'><strong>tragt.</strong></span> 
     </span>
    </p>

    <p class='ocr_par' dir='ltr' id='par_1_17' title="bbox 1454 2470 2535 2872">
     <span class='ocr_line' id='line_1_58' title="bbox 1501 2470 2534 2548; baseline -0.003 -25"><span class='ocrx_word' id='word_1_388' title='bbox 1501 2474 1942 2527; x_wconf 66' lang='lat' dir='ltr'><strong>commuttionem,</strong></span> <span class='ocrx_word' id='word_1_389' title='bbox 1952 2470 2350 2548; x_wconf 55' lang='lat' dir='ltr'><strong>Wegbtgltnung,</strong></span> <span class='ocrx_word' id='word_1_390' title='bbox 2370 2471 2534 2520; x_wconf 77' lang='lat' dir='ltr'><strong>Arist.</strong></span> 
     </span>
     <span class='ocr_line' id='line_1_59' title="bbox 1454 2529 2531 2603; baseline -0.001 -14"><span class='ocrx_word' id='word_1_391' title='bbox 1454 2540 1588 2590; x_wconf 82' lang='lat' dir='ltr'><strong>rhet.</strong></span> <span class='ocrx_word' id='word_1_392' title='bbox 1625 2542 1695 2591; x_wconf 74' lang='lat'><strong>111</strong></span> <span class='ocrx_word' id='word_1_393' title='bbox 1733 2538 1797 2588; x_wconf 80' lang='lat'><strong>14</strong></span> <span class='ocrx_word' id='word_1_394' title='bbox 1839 2538 1905 2589; x_wconf 77' lang='grc' dir='ltr'><strong>τὸ</strong></span> <span class='ocrx_word' id='word_1_395' title='bbox 1940 2532 2047 2603; x_wconf 65' lang='grc' dir='ltr'><strong>μὲν</strong></span> <span class='ocrx_word' id='word_1_396' title='bbox 2081 2552 2189 2588; x_wconf 68' lang='grc' dir='ltr'><strong>ουν</strong></span> <span class='ocrx_word' id='word_1_397' title='bbox 2219 2529 2531 2603; x_wconf 68' lang='grc' dir='ltr'><strong><em>προοίμιόν</em></strong></span> 
     </span>
     <span class='ocr_line' id='line_1_60' title="bbox 1458 2595 2535 2684; baseline -0.006 -24"><span class='ocrx_word' id='word_1_398' title='bbox 1458 2598 1614 2660; x_wconf 69' lang='grc' dir='ltr'><strong><em>ἔστιν</em></strong></span> <span class='ocrx_word' id='word_1_399' title='bbox 1639 2598 1785 2674; x_wconf 71' lang='grc' dir='ltr'><strong>ἀρχὴ</strong></span> <span class='ocrx_word' id='word_1_400' title='bbox 1821 2597 1992 2671; x_wconf 72' lang='grc' dir='ltr'><strong><em>λόγου</em></strong></span> <span class='ocrx_word' id='word_1_401' title='bbox 2027 2595 2167 2681; x_wconf 71' lang='grc' dir='ltr'><strong>ὅπερ</strong></span> <span class='ocrx_word' id='word_1_402' title='bbox 2203 2596 2265 2684; x_wconf 60' lang='lat' dir='ltr'><strong>{v</strong></span> <span class='ocrx_word' id='word_1_403' title='bbox 2300 2596 2535 2668; x_wconf 72' lang='grc' dir='ltr'><strong><em>ποιήσει</em></strong></span> 
     </span>
     <span class='ocr_line' id='line_1_61' title="bbox 1456 2664 2532 2805; baseline -0.003 -12"><span class='ocrx_word' id='word_1_404' title='bbox 1456 2664 2347 2805; x_wconf 45' lang='grc' dir='ltr'><strong>τεὲἐεῐθςῶτὲέῑῆὴῑῑῖι</strong></span> <span class='ocrx_word' id='word_1_405' title='bbox 2363 2686 2532 2790; x_wconf 59' lang='lat' dir='ltr'><strong>ee</strong></span> 
     </span>
     <span class='ocr_line' id='line_1_62' title="bbox 1460 2797 2529 2872; baseline -0.004 -11"><span class='ocrx_word' id='word_1_406' title='bbox 1460 2805 1572 2861; x_wconf 72' lang='grc' dir='ltr'><strong>εἰσὶ</strong></span> <span class='ocrx_word' id='word_1_407' title='bbox 1594 2806 1697 2860; x_wconf 70' lang='grc' dir='ltr'><strong>καὶ</strong></span> <span class='ocrx_word' id='word_1_408' title='bbox 1731 2797 2152 2872; x_wconf 65' lang='lat' dir='ltr'><strong>‹idonce-&#39;note</strong></span> <span class='ocrx_word' id='word_1_409' title='bbox 2186 2804 2263 2872; x_wconf 73' lang='grc' dir='ltr'><strong>τῷ</strong></span> <span class='ocrx_word' id='word_1_410' title='bbox 2290 2797 2529 2857; x_wconf 67' lang='grc' dir='ltr'><strong>ἐπιόντι.</strong></span> 
     </span>
    </p>
   </div>
   <div class='ocr_carea' id='block_1_9' title="bbox 1458 2889 2535 3094">
    <p class='ocr_par' dir='ltr' id='par_1_18' title="bbox 1458 2889 2535 3094">
     <span class='ocr_line' id='line_1_63' title="bbox 1528 2889 2535 2953; baseline -0.007 -8"><span class='ocrx_word' id='word_1_411' title='bbox 1528 2900 1896 2953; x_wconf 63' lang='lat' dir='ltr'><strong>crumenam,</strong></span> <span class='ocrx_word' id='word_1_412' title='bbox 1948 2889 2031 2941; x_wconf 90' lang='lat' dir='ltr'><strong>Or.</strong></span> <span class='ocrx_word' id='word_1_413' title='bbox 2072 2889 2161 2949; x_wconf 80' lang='lat'><strong>15,</strong></span> <span class='ocrx_word' id='word_1_414' title='bbox 2196 2899 2248 2940; x_wconf 72' lang='lat' dir='ltr'><strong>ao</strong></span> <span class='ocrx_word' id='word_1_415' title='bbox 2279 2889 2535 2940; x_wconf 59' lang='lat' dir='ltr'><strong>vestibula</strong></span> 
     </span>
     <span class='ocr_line' id='line_1_64' title="bbox 1458 2958 2534 3020; baseline -0.005 -10"><span class='ocrx_word' id='word_1_416' title='bbox 1458 2962 1701 3010; x_wconf 84' lang='lat' dir='ltr'><strong>nimirum</strong></span> <span class='ocrx_word' id='word_1_417' title='bbox 1717 2960 1936 3010; x_wconf 76' lang='lat' dir='ltr'><strong>honesta.</strong></span> <span class='ocrx_word' id='word_1_418' title='bbox 1954 2959 2229 3020; x_wconf 77' lang='lat' dir='ltr'><strong>aditusque</strong></span> <span class='ocrx_word' id='word_1_419' title='bbox 2244 2958 2311 3007; x_wconf 76' lang='lat' dir='ltr'><strong>ed</strong></span> <span class='ocrx_word' id='word_1_420' title='bbox 2321 2971 2534 3008; x_wconf 78' lang='lat' dir='ltr'><strong>cansam</strong></span> 
     </span>
     <span class='ocr_line' id='line_1_65' title="bbox 1458 3026 2223 3094; baseline -0.003 -15"><span class='ocrx_word' id='word_1_421' title='bbox 1458 3029 1615 3079; x_wconf 77' lang='lat' dir='ltr'><strong>saciet</strong></span> <span class='ocrx_word' id='word_1_422' title='bbox 1636 3027 1739 3094; x_wconf 81' lang='lat' dir='ltr'><strong>(sc.</strong></span> <span class='ocrx_word' id='word_1_423' title='bbox 1764 3030 1955 3088; x_wconf 80' lang='lat' dir='ltr'><strong>orator)</strong></span> <span class='ocrx_word' id='word_1_424' title='bbox 1980 3026 2223 3077; x_wconf 70' lang='lat' dir='ltr'><strong>illustres.</strong></span> 
     </span>
    </p>
   </div>
   <div class='ocr_carea' id='block_1_10' title="bbox 1456 3106 2546 4135">
    <p class='ocr_par' dir='ltr' id='par_1_19' title="bbox 1456 3106 2546 4135">
     <span class='ocr_line' id='line_1_66' title="bbox 1526 3106 2531 3178; baseline -0.008 -15"><span class='ocrx_word' id='word_1_425' title='bbox 1526 3114 1580 3163; x_wconf 75' lang='lat' dir='ltr'><strong>in</strong></span> <span class='ocrx_word' id='word_1_426' title='bbox 1598 3111 1955 3178; x_wconf 71' lang='lat' dir='ltr'><strong>frequentibus</strong></span> <span class='ocrx_word' id='word_1_427' title='bbox 1986 3108 2155 3174; x_wconf 88' lang='lat' dir='ltr'><strong>(nicht</strong></span> <span class='ocrx_word' id='word_1_428' title='bbox 2187 3106 2531 3171; x_wconf 74' lang='lat' dir='ltr'><strong>infrequenti-</strong></span> 
     </span>
     <span class='ocr_line' id='line_1_67' title="bbox 1457 3174 2532 3245; baseline -0.007 -15"><span class='ocrx_word' id='word_1_429' title='bbox 1457 3178 1605 3245; x_wconf 85' lang='lat' dir='ltr'><strong>bus).</strong></span> <span class='ocrx_word' id='word_1_430' title='bbox 1667 3181 1724 3229; x_wconf 79' lang='lat' dir='ltr'><strong>In</strong></span> <span class='ocrx_word' id='word_1_431' title='bbox 1760 3180 1887 3229; x_wconf 80' lang='lat' dir='ltr'><strong>zwei</strong></span> <span class='ocrx_word' id='word_1_432' title='bbox 1911 3178 2083 3227; x_wconf 64' lang='lat' dir='ltr'><strong>Fauen</strong></span> <span class='ocrx_word' id='word_1_433' title='bbox 2119 3176 2259 3224; x_wconf 79' lang='lat' dir='ltr'><strong>kann</strong></span> <span class='ocrx_word' id='word_1_434' title='bbox 2290 3190 2409 3224; x_wconf 76' lang='lat' dir='ltr'><strong>man</strong></span> <span class='ocrx_word' id='word_1_435' title='bbox 2434 3174 2532 3223; x_wconf 74' lang='grc'><strong>(188</strong></span> 
     </span>
     <span class='ocr_line' id='line_1_68' title="bbox 1459 3240 2531 3311; baseline -0.008 -14"><span class='ocrx_word' id='word_1_436' title='bbox 1459 3247 1728 3299; x_wconf 82' lang='lat' dir='ltr'><strong>exordium</strong></span> <span class='ocrx_word' id='word_1_437' title='bbox 1752 3261 1886 3311; x_wconf 76' lang='lat' dir='ltr'><strong>ganz</strong></span> <span class='ocrx_word' id='word_1_438' title='bbox 1907 3243 2204 3303; x_wconf 86' lang='lat' dir='ltr'><strong>entbehren,</strong></span> <span class='ocrx_word' id='word_1_439' title='bbox 2229 3243 2309 3293; x_wconf 83' lang='lat' dir='ltr'><strong>bei</strong></span> <span class='ocrx_word' id='word_1_440' title='bbox 2328 3240 2531 3292; x_wconf 76' lang='lat' dir='ltr'><strong>Sachen</strong></span> 
     </span>
     <span class='ocr_line' id='line_1_69' title="bbox 1456 3307 2533 3379; baseline -0.006 -18"><span class='ocrx_word' id='word_1_441' title='bbox 1456 3329 1561 3365; x_wconf 82' lang='lat' dir='ltr'><strong>von</strong></span> <span class='ocrx_word' id='word_1_442' title='bbox 1584 3315 1849 3379; x_wconf 82' lang='lat' dir='ltr'><strong>geringem</strong></span> <span class='ocrx_word' id='word_1_443' title='bbox 1867 3311 2062 3375; x_wconf 80' lang='lat' dir='ltr'><strong>Belang</strong></span> <span class='ocrx_word' id='word_1_444' title='bbox 2083 3308 2193 3358; x_wconf 86' lang='lat' dir='ltr'><strong>und</strong></span> <span class='ocrx_word' id='word_1_445' title='bbox 2211 3309 2294 3358; x_wconf 88' lang='lat' dir='ltr'><strong>bei</strong></span> <span class='ocrx_word' id='word_1_446' title='bbox 2312 3307 2533 3366; x_wconf 76' lang='lat' dir='ltr'><strong>Sachen,</strong></span> 
     </span>
     <span class='ocr_line' id='line_1_70' title="bbox 1457 3372 2535 3445; baseline -0.008 -14"><span class='ocrx_word' id='word_1_447' title='bbox 1457 3383 1543 3432; x_wconf 88' lang='lat' dir='ltr'><strong>die</strong></span> <span class='ocrx_word' id='word_1_448' title='bbox 1585 3378 1832 3445; x_wconf 66' lang='lat' dir='ltr'><strong>tiglich</strong></span> <span class='ocrx_word' id='word_1_449' title='bbox 1865 3378 2274 3428; x_wconf 81' lang='lat' dir='ltr'><strong>vorkommen</strong></span> <span class='ocrx_word' id='word_1_450' title='bbox 2318 3372 2535 3437; x_wconf 79' lang='lat' dir='ltr'><strong>(causae</strong></span> 
     </span>
     <span class='ocr_line' id='line_1_71' title="bbox 1457 3440 2535 3511; baseline -0.009 -12"><span class='ocrx_word' id='word_1_451' title='bbox 1457 3448 1799 3511; x_wconf 73' lang='lat' dir='ltr'><strong>frequentes),</strong></span> <span class='ocrx_word' id='word_1_452' title='bbox 1850 3446 1934 3496; x_wconf 84' lang='lat' dir='ltr'><strong>die</strong></span> <span class='ocrx_word' id='word_1_453' title='bbox 1966 3443 2076 3494; x_wconf 78' lang='lat' dir='ltr'><strong>also</strong></span> <span class='ocrx_word' id='word_1_454' title='bbox 2114 3444 2204 3493; x_wconf 88' lang='lat' dir='ltr'><strong>der</strong></span> <span class='ocrx_word' id='word_1_455' title='bbox 2233 3440 2535 3507; x_wconf 75' lang='lat' dir='ltr'><strong>Einleituug</strong></span> 
     </span>
     <span class='ocr_line' id='line_1_72' title="bbox 1458 3507 2533 3573; baseline -0.008 -7"><span class='ocrx_word' id='word_1_456' title='bbox 1458 3515 1600 3566; x_wconf 86' lang='lat' dir='ltr'><strong>nicht</strong></span> <span class='ocrx_word' id='word_1_457' title='bbox 1624 3513 1889 3573; x_wconf 71' lang='lat' dir='ltr'><strong>bediu-fen,</strong></span> <span class='ocrx_word' id='word_1_458' title='bbox 1914 3511 2136 3562; x_wconf 85' lang='lat' dir='ltr'><strong>sondern</strong></span> <span class='ocrx_word' id='word_1_459' title='bbox 2160 3522 2238 3558; x_wconf 88' lang='lat' dir='ltr'><strong>wo</strong></span> <span class='ocrx_word' id='word_1_460' title='bbox 2258 3507 2409 3571; x_wconf 86' lang='lat' dir='ltr'><strong>jeder</strong></span> <span class='ocrx_word' id='word_1_461' title='bbox 2426 3521 2533 3558; x_wconf 78' lang='lat' dir='ltr'><strong>von</strong></span> 
     </span>
     <span class='ocr_line' id='line_1_73' title="bbox 1456 3573 2536 3658; baseline -0.009 -25"><span class='ocrx_word' id='word_1_462' title='bbox 1456 3582 1762 3633; x_wconf 85' lang='lat' dir='ltr'><strong>vernherein</strong></span> <span class='ocrx_word' id='word_1_463' title='bbox 1785 3596 1853 3658; x_wconf 47' lang='lat' dir='ltr'><strong>gu</strong></span> <span class='ocrx_word' id='word_1_464' title='bbox 1878 3579 1969 3629; x_wconf 73' lang='lat' dir='ltr'><strong>tait</strong></span> <span class='ocrx_word' id='word_1_465' title='bbox 1991 3579 2076 3628; x_wconf 87' lang='lat' dir='ltr'><strong>ist.</strong></span> <span class='ocrx_word' id='word_1_466' title='bbox 2123 3577 2281 3655; x_wconf 56' lang='lat' dir='ltr'><strong>A&#39;rist.</strong></span> <span class='ocrx_word' id='word_1_467' title='bbox 2304 3573 2433 3625; x_wconf 84' lang='lat' dir='ltr'><strong>rhet.</strong></span> <span class='ocrx_word' id='word_1_468' title='bbox 2460 3575 2536 3624; x_wconf 87' lang='lat' dir='ltr'><strong>m</strong></span> 
     </span>
     <span class='ocr_line' id='line_1_74' title="bbox 1460 3637 2535 3723; baseline -0.007 -22"><span class='ocrx_word' id='word_1_469' title='bbox 1460 3650 1526 3701; x_wconf 78' lang='lat'><strong>14</strong></span> <span class='ocrx_word' id='word_1_470' title='bbox 1546 3642 1610 3702; x_wconf 78' lang='grc' dir='ltr'><strong>τὸ</strong></span> <span class='ocrx_word' id='word_1_471' title='bbox 1633 3644 1742 3715; x_wconf 70' lang='grc' dir='ltr'><strong>μὲν</strong></span> <span class='ocrx_word' id='word_1_472' title='bbox 1760 3663 1865 3699; x_wconf 70' lang='grc' dir='ltr'><strong>ουν</strong></span> <span class='ocrx_word' id='word_1_473' title='bbox 1881 3638 2345 3723; x_wconf 52' lang='grc' dir='ltr'><strong>ἅναγκοιιοτατοῖ</strong></span> <span class='ocrx_word' id='word_1_474' title='bbox 2364 3637 2535 3710; x_wconf 65' lang='grc' dir='ltr'><strong><em>ἔργον</em></strong></span> 
     </span>
     <span class='ocr_line' id='line_1_75' title="bbox 1458 3707 2538 3838; baseline -0.01 -1"><span class='ocrx_word' id='word_1_475' title='bbox 1458 3714 1891 3837; x_wconf 50' lang='grc' dir='ltr'><strong>ἷὲῗὲἒῗὲἱῖῗ</strong></span> <span class='ocrx_word' id='word_1_476' title='bbox 1915 3707 2538 3838; x_wconf 46' lang='grc' dir='ltr'><strong>’3232ῗοῖῗέἶὲκῖηὲ</strong></span> 
     </span>
     <span class='ocr_line' id='line_1_76' title="bbox 1458 3831 2546 3931; baseline -0.011 -27"><span class='ocrx_word' id='word_1_477' title='bbox 1458 3848 1643 3931; x_wconf 70' lang='grc' dir='ltr'><strong>λόγος.</strong></span> <span class='ocrx_word' id='word_1_478' title='bbox 1680 3843 1883 3927; x_wconf 52' lang='lat' dir='ltr'><strong>quinae</strong></span> <span class='ocrx_word' id='word_1_479' title='bbox 1901 3841 1976 3902; x_wconf 70' lang='grc' dir='ltr'><strong>ἄν</strong></span> <span class='ocrx_word' id='word_1_480' title='bbox 2002 3845 2214 3927; x_wconf 71' lang='grc' dir='ltr'><strong><em>δῆλον</em></strong></span> <span class='ocrx_word' id='word_1_481' title='bbox 2236 3831 2272 3912; x_wconf 78' lang='grc' dir='ltr'><strong><em>ᾖ</em></strong></span> <span class='ocrx_word' id='word_1_482' title='bbox 2296 3840 2397 3895; x_wconf 72' lang='grc' dir='ltr'><strong>καὶ</strong></span> <span class='ocrx_word' id='word_1_483' title='bbox 2419 3859 2546 3909; x_wconf 60' lang='grc' dir='ltr'><strong>μιν</strong></span> 
     </span>
     <span class='ocr_line' id='line_1_77' title="bbox 1459 3907 2544 4038; baseline -0.011 -67"><span class='ocrx_word' id='word_1_484' title='bbox 1459 3933 1725 4038; x_wconf 49' lang='grc' dir='ltr'><strong>πρὶς.το</strong></span> <span class='ocrx_word' id='word_1_485' title='bbox 1750 3915 1986 3983; x_wconf 71' lang='grc' dir='ltr'><em>πρᾶγμα</em></span> <span class='ocrx_word' id='word_1_486' title='bbox 2011 3930 2080 3966; x_wconf 87' lang='grc' dir='ltr'><strong>ου</strong></span> <span class='ocrx_word' id='word_1_487' title='bbox 2097 3907 2370 3980; x_wconf 71' lang='grc' dir='ltr'><strong><em>χρηστέον</em></strong></span> <span class='ocrx_word' id='word_1_488' title='bbox 2393 3925 2544 3976; x_wconf 76' lang='grc' dir='ltr'><strong><em>προ-</em></strong></span> 
     </span>
     <span class='ocr_line' id='line_1_78' title="bbox 1458 4002 2428 4135; baseline -0.009 -14"><span class='ocrx_word' id='word_1_489' title='bbox 1458 4002 1624 4120; x_wconf 47' lang='grc' dir='ltr'><strong>οιςῖί.</strong></span> <span class='ocrx_word' id='word_1_490' title='bbox 1659 4067 1867 4135; x_wconf 79' lang='lat' dir='ltr'><strong>Topik</strong></span> <span class='ocrx_word' id='word_1_491' title='bbox 1901 4067 1994 4116; x_wconf 79' lang='lat' dir='ltr'><strong>des</strong></span> <span class='ocrx_word' id='word_1_492' title='bbox 2019 4063 2428 4114; x_wconf 75' lang='lat' dir='ltr'><strong>Exci-diuma.</strong></span> 
     </span>
    </p>
   </div>
   <div class='ocr_carea' id='block_1_11' title="bbox 1528 4147 1970 4217">
    <p class='ocr_par' dir='ltr' id='par_1_20' title="bbox 1528 4147 1970 4217">
     <span class='ocr_line' id='line_1_79' title="bbox 1528 4147 1970 4217; baseline -0.011 -14"><span class='ocrx_word' id='word_1_493' title='bbox 1528 4169 1652 4205; x_wconf 71' lang='lat' dir='ltr'><strong>reos</strong></span> <span class='ocrx_word' id='word_1_494' title='bbox 1671 4158 1771 4203; x_wconf 84' lang='lat' dir='ltr'><strong>etc.</strong></span> <span class='ocrx_word' id='word_1_495' title='bbox 1795 4147 1829 4217; x_wconf 76' lang='lat' dir='ltr'>S</span> <span class='ocrx_word' id='word_1_496' title='bbox 1856 4147 1970 4202; x_wconf 78' lang='lat'><strong>183.</strong></span> 
     </span>
    </p>
   </div>
  </div>
 </body>
</html>
