2930 4693
473 212 596 277 312
1114 208 1211 271 DE
1253 206 1613 272 onA'ronE
1654 204 1735 271 111
1780 206 1883 271 58.
1927 214 2051 267 217.

472 377 652 438 etiam
679 375 779 438 illa
808 383 945 438 sunt
974 375 1048 437 ab
1078 377 1172 438 his
1201 376 1439 458 delapsa
1469 377 1638 457 plura
1670 394 1909 456 genera,
1951 375 2088 437 lene
2113 392 2422 457 asperum,
2467 385 2705 437 contra-

472 468 631 522 ctum
656 459 948 531 diffusum,
970 464 1305 523 continenti
1324 464 1537 541 spiritu
1557 463 1925 532 intermisso;
1963 460 2217 522 fractum
2240 462 2518 531 scissum;
2549 458 2705 522 flexo

343 556 444 606 217
473 564 620 607 sono
650 553 1027 608 extenuatum
1056 547 1345 608 inflatum.
1406 545 1643 608 Nullum
1676 558 1767 607 est
1795 548 1952 608 enim
1982 546 2196 608 horum
2227 564 2514 626 generum
2543 545 2708 626 quod

470 648 591 691 non
622 639 748 692 arte
778 648 845 692 ac
876 630 1285 693 moderatione
1315 640 1619 694 tractetur.
1677 630 1754 692 Hi
1783 639 1922 692 sunt
1950 633 2170 701 actori,
2218 640 2284 692 ut
2313 632 2557 711 pictori,
2597 649 2705 692 ex-

341 715 428 789 58
468 716 645 796 positi
674 716 748 776 ad
776 716 1121 778 variandum
1153 716 1400 778 colores».
1457 715 1627 777 Aliud
1661 718 1819 778 enim
1850 717 2009 777 vocis
2039 733 2225 794 genus
2252 715 2560 777 iracundia
2589 715 2710 775 sibi

469 809 679 872 sumat,
713 809 967 872 acutum,
997 803 1326 871 incitatum,
1359 800 1575 862 crebro
1602 801 1902 862 incidens:

549 897 781 999 l'mpius
809 920 1084 981 hortatur
1112 938 1209 981 me
1240 920 1457 992 frater,
1490 921 1556 981 ιἰῑ
1584 938 1750 982 meos
1780 918 1951 981 malis
1981 922 2162 983 miser

550 1004 896 1066 Mandarem
926 1006 1096 1066 natos

468 1115 528 1166 et
556 1124 654 1175 ea,
686 1125 835 1186 quae
865 1114 930 1167 tu
960 1105 1181 1168 dudum
1199 1154 1214 1177 ,
1247 1109 1493 1176 Antoni,
1525 1105 1853 1187 protulisti:

552 1190 883 1270 segregare
912 1190 1018 1252 abs
1047 1200 1107 1251 te
1138 1192 1314 1255 ausus

467 1283 554 1336 et:

550 1361 768 1441 Ecquis
795 1360 910 1423 hoc
940 1362 1386 1427 animadvortit?
1430 1364 1645 1423 vincite

466 1470 527 1522 et
555 1465 767 1525 Atreus
797 1463 923 1524 fere
952 1471 1129 1525 totus.
1189 1463 1360 1525 Aliud
1390 1433 1714 1524 miseratio
1723 1480 1792 1525 ac
1820 1480 2077 1531 maeror,
2109 1460 2398 1532 flexibile,
2430 1460 2702 1542 plenum,

464 1548 893 1639 interruptum,
926 1548 1111 1610 flebili
1138 1566 1309 1610 voce:

551 1650 679 1722 Quo
709 1652 871 1711 minc
898 1668 997 1711 me
1029 1652 1290 1711 vortam?
1318 1650 1493 1753 'quod
1522 1651 1636 1710 iter
1665 1650 1944 1729 incipiam
1975 1649 2248 1728 ingredi?

470 1784 485 1799 .
550 1735 802 1796 Domum
834 1737 1261 1815 paternamne?
1307 1736 1459 1797 anne
1493 1735 1567 1795 ad
1596 1733 1796 1795 Peliae
1824 1733 2016 1795 filias?

465 1828 525 1880 et
553 1819 681 1881 illa:

2213 1805 2290 1872 Q

552 1903 602 1964 0
630 1906 829 1984 pater,
862 1923 898 1964 o
928 1907 1145 1985 patria,
1181 1925 1216 1966 o
1245 1906 1469 1966 Priami
1499 1905 1737 1966 domus!

533 2127 673 2187 lene,
708 2125 843 2181 Mon.
877 2141 1134 2190 asperum,
1170 2127 1292 2177 Dur.
1328 2134 1533 2179 contra-

467 2201 624 2253 ctum,
673 2195 941 2260 pizzicato.
1032 2195 1294 2259 diffusum,
1344 2195 1530 2259 legam.

468 2263 749 2313 continenti
770 2264 971 2326 spiritu,
997 2271 1188 2315 tenuto.
1223 2264 1568 2324 intermisso,

467 2338 709 2390 ataeeato.
751 2331 992 2394 fractum,
1016 2329 1301 2397 gediimpft.

534 2400 758 2457 eciam,
793 2400 1057 2465 arpeggio.
1105 2400 1280 2460 Quint.
1305 2399 1381 2449 XI
1400 2398 1453 2462 3,
1479 2408 1531 2450 20

467 2475 731 2533 praeterea
756 2474 814 2516 ut
837 2468 939 2520 sint
970 2467 1148 2518 fauces
1183 2469 1437 2532 integrae,
1476 2467 1532 2516 id

469 2545 548 2585 est
570 2534 749 2584 molles
774 2536 835 2584 a'c
868 2535 1035 2598 leveS,
1073 2550 1284 2599 quarum
1324 2536 1445 2584 vitio
1483 2543 1531 2583 et

378 2627 383 2632 ·
466 2602 789 2669 frangitur‘et
813 2604 1111 2654 obscuratur
1132 2613 1181 2653 et
1200 2612 1534 2669 exasperatur

468 2680 518 2719 et
542 2672 790 2726 scinditur
816 2685 933 2723 vox.

530 2756 674 2820 flexo
696 2771 825 2808 sono
857 2756 1037 2821 gehort
1074 2769 1138 2806 zu
1174 2757 1390 2807 beiden:
1435 2756 1530 2805 mit

466 2824 793 2873 verfinderter
824 2824 1133 2886 Tonstiirke,
1185 2825 1528 2874 decrescendo

467 2890 573 2940 und
598 2892 890 2951 crescendo,
916 2889 949 2957 S
977 2890 1093 2941 102.

521 2983 620 3023 217.
643 2989 744 3024 non
761 2981 875 3025 arte
893 2991 956 3024 ac
973 2978 1317 3027 moderatione
1342 2984 1531 3027 tracte-

467 3048 580 3104 tur,
619 3042 1027 3108 kunstmassiger
1051 3043 1390 3109 Behandlung
1423 3044 1530 3094 und

464 3109 839 3175 Regulierung‚
886 3113 979 3160 mit
1027 3112 1189 3161 einem
1239 3112 1389 3161 Wort
1438 3113 1529 3161 der

468 3177 656 3228 Schule
680 3178 1037 3230 unterworfen.

534 3260 619 3313 58.
678 3263 860 3314 crebro
905 3265 1159 3323 incidens,
1217 3263 1392 3331 biiuflg
1436 3266 1524 3315 ab·

468 3331 682 3381 setzend
705 3331 906 3394 (crebra
931 3333 1093 3383 incisa
1118 3331 1353 3395 faciens).

522 3415 719 3481 Impius
737 3424 834 3469 etc.
856 3416 996 3480 (tetr.
1008 3417 1168 3468 troch.
1183 3416 1328 3483 cat.)‚
1346 3418 1530 3467 Worte

469 3484 559 3534 des
616 3484 866 3550 Thyestes
925 3499 1018 3536 aua
1083 3486 1264 3536 Accius
1321 3488 1525 3537 Atreus,

466 3552 618 3602 Tuae.
645 3554 714 3603 lV
738 3551 822 3615 36,
848 3561 898 3602 77
934 3556 1012 3602 Ira
1036 3568 1172 3617 vero,
1202 3569 1348 3617 quae,
1375 3568 1526 3617 quam

468 3619 557 3669 diu
580 3622 840 3683 perturbat
871 3621 1123 3684 animum,
1160 3621 1529 3671 dubitationem

463 3688 698 3738 insaniae
715 3702 817 3737 non
835 3687 1004 3739 habet.
1008 3658 1214 3739 ——A'udi
1224 3689 1524 3769 Thyestemz

464 3755 656 3821 impius
692 3764 788 3807 etc.
859 3757 1047 3806 Eorum
1072 3758 1272 3807 viscera
1296 3758 1527 3823 apponit.

465 3822 596 3882 Quid
622 3834 699 3875 eat
724 3824 879 3883 enim,
912 3838 1012 3886 quo
1039 3838 1141 3874 non
1172 3826 1528 3890 progrediatur

1638 2123 1770 2176 1293
1793 2125 1832 2174 f.
1855 2121 1937 2176 Ατ
1974 2119 2041 2174 ἐα
2064 2150 2132 2159 -·
2155 2116 2437 2188 προθέντ’
2462 2114 2706 2191 αδελφῷ

1636 2191 1878 2245 δεῖπνον
1902 2208 1932 2243 o
1960 2192 2132 2244 κείων
2156 2189 2388 2244 τέκνων.

1669 2259 2409 2327 ἀαᾱιιηι,1146,193.Εοᾳιιιε
2427 2268 2521 2310 etc.
2510 2297 2544 2323 .,
2569 2261 2705 2311 Rib-

1634 2331 1762 2380 beek
1781 2345 1836 2395 p.
1849 2327 1965 2379 140.
1987 2328 2193 2394 Anfaug
2209 2330 2353 2381 eines
2371 2328 2530 2381 trech.
2543 2337 2707 2379 tetra-

1632 2407 1792 2450 meter
1814 2407 1913 2449 cat.
1944 2397 2234 2462 gleichsalla
2260 2412 2354 2448 aus
2374 2399 2492 2448 dem
2511 2399 2706 2450 Atreus

1634 2467 1724 2516 des
1750 2467 1936 2516 Accius
1971 2464 2191 2515 ‘Ahndet
2216 2467 2349 2516 deun
2377 2467 2548 2517 dieses
2573 2465 2703 2516 Nie-

1631 2533 1823 2584 mand?
1857 2533 2036 2583 bindet
2060 2529 2195 2581 ihnl’
2244 2534 2393 2584 Tuae.
2421 2531 2616 2594 1v‘25,
2655 2543 2706 2583 55

1635 2601 1838 2666 ‘Ecquis
1862 2601 1914 2650 1ι.
1939 2616 1987 2651 a.
2010 2599 2083 2650 v.'
2125 2615 2246 2651 num
2271 2609 2358 2652 aut
2382 2602 2554 2667 egisse
2581 2616 2704 2651 um-

1633 2672 1794 2734 quam'
1813 2672 1995 2720 iratum
2023 2671 2282 2735 Aesopum
2311 2679 2400 2720 aut
2423 2670 2703 2735 scripsisse

1634 2738 1990 2789 existimamus
2015 2738 2199 2788 iratum
2225 2739 2475 2788 Accium?
2509 2773 2516 2782 .

1695 2806 1951 2872 flexibile,
2014 2804 2384 2884 schmiegsam‚
2444 2806 2700 2871 demiitig,

1631 2873 1664 2935 S
1684 2873 1799 2924 176.
1831 2877 2049 2938 plenum,
2072 2874 2168 2922 wie
2186 2888 2279 2923 vor
2297 2874 2410 2924 dem
2424 2873 2701 2924 Ausbrnch

1632 2942 1722 2991 der
1744 2941 1998 2991 Thraneu.
2035 2944 2389 3007 interruptum,
2414 2950 2676 3008 gepreaat.

1700 3009 1806 3070 Quo
1832 3026 1963 3060 nune
1993 3026 2069 3060 me
2095 3017 2291 3060 vortam
2323 3007 2489 3075 (trim.
2511 3010 2673 3060 iamb.
2679 3010 2701 3073 )

1630 3078 1830 3127 Vahlen
1876 3091 1928 3141 p.
1969 3076 2072 3128 130
2118 3092 2211 3127 aus
2253 3077 2449 3128 Ennius
2497 3077 2699 3141 Medea,

1632 3144 1763 3195 nach
1796 3145 1968 3210 Eurip.
1995 3145 2157 3204 Med„
2194 3161 2258 3194 zu
2294 3147 2445 3196 lason
2481 3160 2701 3224 gespro-

1631 3213 1758 3263 chen
1784 3211 1883 3263 502
1903 3213 1956 3262 ff.
1975 3211 2083 3265 νῦν
2106 3216 2217 3264 ποῖ’
2232 3205 2565 3293 τράπωμαι;
2588 3204 2701 3264 πό·

1630 3297 1768 3345 τερα
1790 3271 1932 3346 πρὸς
1955 3274 2184 3359 πατρὸς
2196 3275 2440 3364 δόμους,
2478 3298 2578 3339 ους
2602 3278 2698 3333 σοὶ

1630 3347 1925 3429 προδοῦσα
1970 3347 2069 3400 καὶ
2102 3340 2330 3413 πάτραν
2362 3340 2697 3429 ἆφικόμηνς

1632 3405 1671 3483 ἦ
1703 3408 1844 3498 πρὸς
1869 3417 2146 3496 ταλαίνας
2160 3410 2699 3499 nemaeus-3201-

1630 3483 1737 3566 ²1⁰39
1710 3478 1819 3549 9’7
1858 3500 1934 3534 αν
1967 3470 2074 3536 οὖν
2108 3478 2373 3548 δέξαιντο
2405 3476 2472 3550 μ’
2507 3484 2697 3545 οἴκοις

1630 3540 1709 3603 ὧν
1731 3548 1952 3617 πατέρα
1968 3545 2321 3604 κατέκτανον
2339 3551 2467 3617 (von
2479 3553 2696 3604 Korinth
2747 3603 2752 3608 ,

1629 3619 1759 3670 nach
1796 3620 1993 3678 IolkoS‚
2040 3634 2118 3670 wo
2158 3620 2487 3671 bekanntlich
2509 3621 2697 3670 Medea

1627 3690 1722 3739 des
1756 3689 1922 3738 Pelias
1958 3688 2173 3739 ΤὸοΙιιει·
2216 3688 2486 3739 iiberredet
2532 3688 2691 3749 hatte,

1628 3757 1772 3808 ihren
1797 3756 1955 3805 Vater
2001 3772 2065 3806 zu
2115 3757 2433 3807 zeratfickeln
2480 3759 2597 3807 und·
2623 3772 2693 3806 zu

1629 3824 1852 3884 koclmn,
1880 3823 1957 3873 als
1980 3824 2149 3873 werde
2174 3840 2229 3873 er
2252 3823 2478 3874 dadurch
2501 3825 2694 3875 wieder

456 3892 762 3956 eodeurira,
789 3907 893 3971 quo
914 3892 1075 3942 l'.uror
1095 3892 1397 3958 Ribbeckp.
1426 3890 1525 3943 139
1620 3893 1771 3957 jung.
1821 3891 1967 3943 Ovid.
1993 3893 2109 3941 Met.
2136 3890 2356 3950 v11297
2382 3891 2479 3957 ff).

357 3993 363 3998 -
462 3958 616 4008 lieet
603 3974 756 4026 ipsus
774 3959 893 4010 fur
881 3960 1072 4025 impius
1098 3956 1218 4023 (der
1237 3961 1443 4011 Abrinc.
1470 3976 1521 4010 ιι.

465 4025 564 4077 Erl.
592 4029 611 4077 1
638 4028 804 4078 haben
829 4027 1021 4092 ipsius)
1046 4041 1097 4077 u.
1123 4028 1417 4078 manderem
1443 4028 1524 4077 sur

464 4095 759 4144 mandarem
783 4092 939 4159 (nach
964 4095 1079 4145 dem
1107 4096 1310 4144 Abrinc.
1339 4095 1445 4145 und
1469 4096 1520 4146 d.

462 4158 611 4222 Erl..)
631 4160 832 4211 Lueret.
854 4162 900 4211 ΙΙ
924 4160 1026 4213 638
1054 4161 1127 4212 Ne
1141 4162 1388 4214 Saturnus
1405 4178 1521 4213 eum

463 4226 613 4276 malis
646 4229 911 4277 mandaret
943 4229 1177 4295 adeptus.
1251 4227 1411 4297 Soph.
1440 4231 1525 4283 Ai.

1695 3959 1737 4010 0
1762 3967 1944 4023 pater,
1982 3959 2014 4021 §
2050 3957 2168 4010 102.
2223 3962 2274 4011 υἱ
2303 3961 2454 4012 vitam
2486 3961 2692 4022 evitari,

1624 4029 1716 4077 mit
1749 4028 1840 4076 der
1871 4027 1955 4077 bei
1990 4028 2087 4077 den
2126 4027 2207 4078 alt
2197 4043 2282 4078 eru
2307 4025 2541 4078 Dichtern
2570 4027 2693 4078 sehr

1627 4096 1877 4145 beliebten
1903 4089 2238 4162 παρήχησις.
2285 4098 2497 4157 evitari,
2530 4097 2690 4147 vitam

1627 4163 1778 4280 eripit,
1814 4164 2012 4279 kolmmt
2042 4166 2093 4212 in
2122 4164 2213 4213 der
2237 4163 2554 4215 classischen
2579 4165 2690 4214 Zeit

1624 4245 1744 4278 mci
1790 4246 1935 4281 meir
1957 4247 2065 4283 vor.
