2930 4693
426 183 558 249 296

1085 176 1185 240 DE
1216 174 1575 239 ORATORE
1604 174 1687 239 111
1728 176 1832 295 4}
1881 183 1999 236 185.

424 347 625 430 plane,
654 354 721 408 ut
749 345 982 419 dicitur,
1015 345 1099 406 sic
1128 352 1220 407 est
1239 363 1380 407 vere
1409 344 1617 417 soluta,
1650 363 1771 407 non
1804 354 1870 407 ut
1899 346 2084 427 fugiat
2112 352 2312 408 tamen
2346 354 2446 411 aut
2477 353 2672 417 erret,

425 432 534 496 sed
560 438 627 494 ut
654 432 783 494 sine
810 428 1058 492 vinculis
1087 429 1355 510 sibiipsa
1385 429 1749 492 moderetur.
1821 431 2088 511 Namque
2131 448 2242 510 ego
2271 429 2415 493 illud
2449 430 2672 493 adsen-

423 519 545 580 tior
565 516 993 596 Theophrasto,
1025 516 1126 595 qui
1154 522 1321 601 putat
1344 516 1693 584 orationem,
1726 533 1877 596 quae
1907 515 2146 597 quidem
2168 517 2245 576 sit
2270 514 2453 596 polita
2483 524 2672 597 atque

423 603 576 663 facta
605 599 860 682 quodam
890 598 1101 670 modo,
1145 617 1268 661 nou
1309 600 1576 670 astricte,
1621 598 1726 660 sed
1770 601 2076 662 remissius
2117 618 2497 663 numerosam
2530 619 2671 663 esse

293 702 397 759 185
424 693 722 768 oportere.
794 684 1029 746 Etenim
1043 732 1060 755 ,
1091 685 1244 745 sicut
1272 682 1371 745 ille
1401 684 1763 764 suspicatur,
1796 702 1869 746 ex
1897 685 2027 746 istis
2055 684 2277 757 modiS,
2317 683 2531 766 quibus
2561 687 2672 747 hic

422 772 672 833 usitatus
699 787 906 832 versus
934 768 1219 840 efficitur,
1249 777 1384 850 post
1413 776 1797 850 anapaestus,
1839 769 2150 849 procerior
2177 769 2419 851 quidam
2450 787 2673 831 nume-

419 874 542 925 rus,
568 854 858 924 effloruit;
888 853 1028 915 inde
1058 852 1160 914 ille
1188 852 1464 915 licentior
1488 861 1548 914 et
1569 852 1805 916 divitior
1828 853 1997 915 fluxit
2022 852 2459 933 dithyrambus3
2493 856 2673 916 cuius

418 939 693 1003 membra
721 946 782 1000 et
807 937 1022 1019 pedes,
1053 945 1120 1000 ut
1149 939 1229 999 ait
1256 936 1448 1009 idem,
1480 939 1711 1000 suntin
1742 940 1907 1000 omni
1934 936 2215 1019 locupleti
2245 939 2513 1000 oratione
2545 939 2672 1000 dif-

420 1026 570 1087 fusa.
643 1024 744 1095 Et,
776 1025 830 1084 si
856 1041 1241 1085 numerosum
1271 1030 1361 1084 est
1387 1024 1453 1084 in
1483 1022 1759 1100 omnihus
1788 1023 1951 1085 sonis
1981 1029 2156 1104 'atque
2183 1022 2453 1095 vocibuS,
2500 1024 2671 1105 quod

419 1109 602 1172 habet
639 1107 923 1190 quasdam
961 1109 1385 1189 impressiones
1425 1114 1488 1169 et
1530 1106 1691 1190 quod
1731 1108 1930 1169 metiri
1975 1125 2290 1188 possumus
2332 1107 2674 1171 intervallis

421 1192 795 1275 aequalibus,
842 1199 1007 1254 recte
1039 1210 1227 1271 genus
1256 1193 1370 1254 hoc
1398 1210 1816 1262 numerorum,
1850 1191 2171 1254 dummodo
2200 1210 2277 1254 ne
2308 1193 2672 1255 continuum

421 1279 528 1350 sit,
571 1279 637 1339 in
677 1278 960 1339 orationis
1000 1276 1173 1339 laude
1202 1284 1479 1358 ponetur.
1548 1277 1699 1339 Nam
1729 1277 1781 1338 si
1808 1276 1974 1338 rudis
2005 1284 2063 1338 et
2101 1275 2367 1358 impolita
2396 1277 2674 1359 putanda

487 1480 794 1537 moderetur.
821 1479 1029 1533 Schultz
1053 1475 1086 1547 S
1109 1477 1227 1540 265,
1252 1489 1295 1530 4.

489 1548 592 1614 qui.
630 1546 699 1598 So
723 1546 960 1599 schliesst
971 1547 1074 1599 Cic.
1095 1547 1250 1599 ofters
1269 1547 1369 1597 den
1378 1546 1481 1597 Re·

418 1615 655 1666 lativsatz
677 1629 744 1665 an
768 1615 868 1666 den
891 1615 1481 1681 vorausgehendenPer·

419 1697 770 1735 sonennamen
803 1692 926 1733 statt
955 1693 1131 1749 sti-eng
1163 1698 1229 1734 an
1263 1684 1357 1734 das
1378 1683 1484 1732 De-

419 1752 721 1802 monstrativ
743 1764 825 1800 an.
875 1753 923 1802 Π
946 1750 1033 1814 77,
1052 1759 1129 1802 313
1151 1760 1305 1814 atque
1327 1750 1514 1813 etium-=

418 1819 474 1868 in
497 1818 583 1868 illo
607 1817 923 1885 reprehendo
949 1833 1065 1881 eos,
1103 1819 1191 1882 qui
1215 1828 1312 1869 etc.
1369 1819 1484 1870 An-

420 1886 566 1937 dere:
603 1886 767 1948 quod;
804 1885 967 1936 Bake:
1006 1900 1140 1936 cum.

480 1954 648 2017 facta,
672 1950 705 2019 S
730 1951 848 2004 154.
887 1954 909 2002 I
938 1953 1018 2011 14,
1043 1960 1094 2004 63
1110 1953 1325 2019 ignarus
1351 1951 1482 2004 faci-

418 2021 593 2071 undae
613 2033 675 2071 ac
697 2020 967 2087 poliendae
991 2021 1256 2071 orationis.
1293 2018 1375 2071 Or.
1395 2020 1481 2079 51,

420 2098 497 2138 172
542 2088 782 2139 orationis
827 2087 1092 2146 faciendae
1140 2096 1189 2138 et
1224 2088 1483 2139 ornandae

418 2164 670 2218 auctores,
695 2156 761 2206 ad
781 2156 898 2206 Her.
926 2157 972 2206 11
995 2154 1080 2220 30,
1105 2165 1178 2206 47.

486 2225 704 2291 quodam
724 2226 886 2281 modo,
911 2219 1048 2291 837.
1084 2223 1223 2277 Brut.
1250 2220 1301 2283 8,
1325 2232 1375 2274 3ο
1398 2223 1483 2274 in—

417 2291 674 2345 tellectum
709 2301 814 2351 est,
860 2299 1103 2355 quantam
1137 2292 1240 2341 vim
1274 2291 1484 2343 haberet

418 2369 654 2411 accurata
677 2369 727 2411 et
748 2360 881 2410 facta
909 2360 1283 2424 quodammodo
1319 2355 1480 2413 oratio

416 2421 1135 2562 (ngoarffifimffiffifflflssh
1147 2437 1254 2547 de}
1298 2505 1481 2550 orator.

416 2562 704 2629 Rhythmus
722 2577 816 2616 aus
832 2565 923 2615 der
933 2563 1169 2614 l’reiesten
1182 2563 1481 2630 poetisehen

416 2629 1481 2697 Form(derdithyrambischen)nach'l'heo-

416 2698 614 2765 phrast.
649 2700 758 2750 Ans
779 2701 880 2750 den
897 2698 1342 2766 Grundrhythmen
1368 2708 1480 2749 ent·

417 2767 683 2817 wickelten
718 2766 825 2817 sich
859 2769 1040 2818 immer
1069 2765 1258 2817 freiere
1281 2766 1483 2832 Rhyth-

416 2848 554 2893 men,
569 2833 818 2884 zunfichst
828 2834 911 2884 die
920 2834 1330 2900 anapestischen,
1343 2836 1478 2886 daun

419 2901 503 2969 die
528 2900 1009 2967 dithyrambischen,
1036 2901 1145 2953 d.h.
1171 2903 1480 2967 diejenigen,

418 2969 503 3019 die
539 2969 610 3018 im
650 2971 891 3034 spfiteren
923 2967 1286 3033 Dithyrambus
1335 2970 1480 3033 (dem

417 3035 642 3088 Festlied
668 3052 732 3086 zu
755 3035 923 3086 Ehren
957 3037 1049 3087 des
1073 3036 1350 3102 Dionysos)
1383 3051 1476 3102 ge-

415 3104 629 3155 braucht
645 3104 873 3154 wurden.
910 3102 1000 3154 Mit
1020 3105 1136 3154 dem
1157 3104 1482 3155 monometri·

415 3172 575 3223 schen
608 3167 971 3238 Dithyrambhs
1004 3187 1109 3222 war
1152 3171 1235 3223 die
1267 3171 1481 3223 hochste

417 3238 564 3292 Stufe
582 3238 866 3314 poetischer
876 3238 1226 3292 Formfreiheit
1246 3239 1478 3299 erreicht‚

414 3307 658 3359 wt'ihrend
680 3308 732 3358 in
757 3308 846 3359 der
869 3307 1328 3373 vorausgehenden
1347 3316 1482 3360 stro-

452 3375 665 3427 hisehen
675 3375 854 3427 Poesie
877 3374 1009 3426 doch
1031 3377 1215 3426 immet
1240 3375 1370 3426 noch
1396 3377 1480 3426 die

457 3443 636 3511 trophe
682 3443 842 3495 durch
888 3442 967 3494 ihr
1002 3443 1165 3504 Echo,
1213 3444 1298 3494 die
1343 3459 1479 3511 ganz

415 3512 584 3578 gleich
614 3511 867 3577 gesormte
891 3512 1118 3562 Antistro
1157 3510 1249 3575 he,
1281 3513 1481 3578 gebun·

312 3605 325 3616 κ
417 3580 514 3630 deu
540 3594 663 3630 war.
710 3579 863 3631 Diese
885 3575 1047 3630 freien
1071 3581 1115 3630 R
1157 3579 1362 3645 ythmen
1386 3578 1479 3630 des

414 3647 803 3713 Dithyrambus,
838 3647 979 3698 seine
1012 3647 1227 3698 disiecta
1253 3648 1480 3698 membra

453 3715 722 3777 leichsam,
752 3715 869 3767 sind
893 3730 1000 3765 nun
1024 3716 1109 3766 die
1132 3715 1480 3767 Bestandteile

415 3731 508 3835 ges
532 3782 863 3851 prosaischen
886 3781 1189 3847 Rhythmus.

485 3853 567 3902 Ιιίο
586 3853 803 3902 usitatus
824 3866 1015 3907 versus,
1042 3851 1131 3901 der
1154 3851 1357 3902 beiden
1372 3850 1479 3903 Βδ-

414 3934 562 3969 mern
584 3919 787 3971 iibliclie
798 3919 927 3969 Vers
953 3919 1004 3969 d.
1029 3918 1079 3968 h.
1108 3919 1198 3968 der
1222 3919 1478 3969 Hexame-

414 3994 509 4104 yser,
535 3986 619 4037 die
640 3986 953 4038 iambischen
986 3986 1094 4037 und
1125 3986 1481 4037 trochfiischen

468 4069 599 4105 erse.
1139 4100 1143 4104 ,

486 4121 584 4180 Et,
617 4122 727 4172 und
746 4123 801 4172 in
835 4123 926 4173 der
948 4121 1104 4181 That3
1141 4136 1199 4172 so
1232 4121 1481 4172 rechtfer-

415 4189 512 4255 tigt
535 4187 619 4239 Gr.
632 4225 648 4252 ,
699 4204 766 4239 an
812 4190 905 4240 das
953 4188 1375 4255 vorausgehende
1422 4191 1479 4240 in

1586 1481 1721 1531 omni
1766 1480 1996 1531 oratione
2043 1479 2231 1533 diffusa
2280 1479 2392 1531 sich
2425 1496 2529 1549 eng
2562 1497 2670 1532 an-

1587 1542 1926 1610 schliesseud‚
1948 1547 2032 1597 die
2042 1547 2403 1615 Behauptung,
2424 1549 2547 1599 dass
2571 1551 2671 1600 der

1586 1613 1873 1679 Rhytlunus
1898 1613 2038 1665 nicht
2056 1615 2197 1666 bloss
2218 1615 2519 1673 derPoesie,
2533 1631 2670 1667 son-

1586 1683 1713 1733 deru
1736 1683 1829 1732 mit
1852 1683 1963 1747 Fug
1987 1681 2216 1735 mRecht
2238 1682 2370 1733 auch
2396 1684 2667 1735 derProsa

1588 1751 1885 1807 zukomm03
1946 1750 2085 1803 deun
2117 1765 2175 1801 es
2222 1766 2327 1801 war
2374 1752 2459 1803 die
2493 1753 2666 1818 Frage

1586 1816 1959 1883 aufgeworfen:
2011 1819 2143 1868 sitne
2177 1820 2383 1871 omnino
2419 1819 2528 1870 ulla
2560 1837 2666 1884 im·

1588 1899 1790 1936 merosa
1825 1886 2013 1944 ‘cratim
2053 1885 2363 1949 quibusdam
2389 1889 2527 1936 enim
2552 1903 2662 1939 uon

1586 1953 1787 2003 videtur
1806 1991 1820 2011 ,
1847 1954 1966 2016 quia
1990 1952 2115 2003 nihil
2139 1954 2261 2003 insit
2284 1954 2338 2004 in
2364 1969 2424 2004 ea
2449 1956 2576 2004 certi
2603 1965 2666 2006 ut

1587 2021 1639 2069 in
1667 2022 1918 2072 versibus.
1967 2020 2049 2072 Or.
2074 2019 2161 2083 54,
2188 2029 2280 2073 180.

1652 2090 2037 2153 impressiones,
2096 2087 2339 2139 wodurch
2380 2088 2464 2139 die
2508 2098 2665 2140 sonst

1585 2155 1784 2223 gleiche
1807 2154 1992 2207 Fische
2027 2170 2135 2207 nun
2169 2155 2317 2209 tiefer
2350 2158 2458 2209 und
2492 2156 2662 2208 heber

1585 2222 1823 2288 liegende
1834 2220 2027 2288 Stellen
2052 2222 2363 2292 (Hebungen
2391 2225 2499 2275 und
2520 2224 2665 2276 Sen-

1586 2291 1817 2358 kuugen)
1844 2289 2023 2345 erhfilt.

1652 2361 1937 2411 intervallis
1960 2360 2272 2425 aequalibus,
2298 2360 2429 2414 nach
2454 2360 2659 2426 gleich-

1582 2429 1783 2493 mfissig
1825 2426 2312 2478 wiederkehrenden
2359 2428 2661 2479 Zwischen-

1583 2498 1798 2546 reumen
1823 2495 1945 2545 oder
1967 2494 2195 2555 Pausen,
2220 2497 2316 2545 wie
2339 2497 2392 2546 in
2418 2497 2662 2547 cadenti-

1582 2564 1682 2613 bus
1704 2563 1864 2629 guttis
1888 2562 1948 2629 (ξ
1976 2560 2120 2624 186).
2375 2555 2386 2570 ’

1650 2631 1760 2689 hoc,
1788 2631 1879 2681 das
1905 2632 2030 2679 eben
2057 2629 2352 2683 Definierte.

1609 2729 1616 2738 ·
1653 2700 1914 2750 dummodo
1938 2715 2001 2748 ne
2024 2700 2308 2749 continuum
2328 2700 2397 2750 sit
2416 2698 2659 2761 (Abrinc.

1584 2767 1693 2816 und
1717 2766 1849 2815 Erl.:
1885 2767 2115 2816 continui
2138 2764 2268 2829 sint)
2294 2793 2358 2802 -·
2382 2781 2532 2816 wenn
2558 2783 2662 2818 nur

1584 2833 1668 2883 die
1679 2832 1755 2883 Rh
1763 2834 1967 2898 ythmen
1984 2830 2314 2899 (Versfiisse)
2338 2833 2476 2888 nicht
2491 2835 2657 2895 (deun

1584 2900 1730 2951 darin
1754 2902 1878 2965 liegt
1914 2901 2041 2951 eben
2078 2901 2166 2950 der
2190 2900 2526 2952 Unterschied
2552 2917 2656 2952 von

1584 2969 1673 3019 der
1695 2967 2039 3034 gebundenen
2060 2979 2198 3034 poet.
2224 2968 2576 3036 Darstelluug)
2601 2972 2657 3021 in

1582 3042 1738 3086 steter
1770 3036 2163 3101 regelmiissiger
2196 3035 2353 3102 Folge
2389 3036 2523 3086 ohne
2548 3037 2657 3090 Un-

1582 3101 1921 3167 terbrechung
1951 3102 2358 3165 wie‘derkehreu,
2408 3105 2655 3155 wodurch

1584 3171 1668 3221 die
1700 3186 1844 3237 pros·
1876 3171 2203 3237 Darstellung
2245 3173 2300 3222 iu
2334 3172 2431 3222 den
2471 3171 2659 3225 Fehler

1584 3239 1676 3289 des
1693 3240 2081 3305 Versmfissigen
2102 3238 2307 3288 verfiele
2329 3239 2440 3289 und
2457 3240 2551 3290 das
2578 3243 2658 3291 ei·

1582 3306 1838 3372 gentliche
1864 3297 2160 3373 εὔρυθμον
2189 3307 2419 3357 verloren
2442 3309 2652 3375 gienge.

1585 3374 1667 3427 Or.
1691 3373 1786 3436 58,
1814 3383 1889 3425 198
1920 3375 1975 3425 id
1997 3375 2051 3424 in
2077 3374 2292 3425 dicendo
2319 3390 2655 3427 numerosum

1582 3450 1790 3509 putatur
1815 3457 1917 3493 non
1941 3443 2081 3506 quod
2103 3451 2266 3492 totum
2284 3448 2485 3493 constat
2505 3458 2531 3491 e
2553 3459 2654 3495 nu-

1583 3511 1757 3573 meris,
1784 3511 1880 3560 sed
1904 3510 2041 3572 quod
2066 3510 2133 3559 ad
2151 3523 2391 3561 numeros
2414 3512 2652 3576 proxime

1583 3578 1807 3637 accedit3
1843 3575 1936 3638 56,
1961 3586 2039 3628 18⁷
2071 3578 2405 3644 perspicuum
2439 3586 2519 3628 est
2549 3579 2651 3645 igi·

1583 3656 1665 3697 tur
1687 3646 1914 3696 numeris
1932 3646 2195 3695 astrictam
2225 3647 2505 3696 orationem
2533 3661 2651 3699 esse

1585 3715 1788 3774 debere,
1815 3727 1985 3764 carere
2006 3713 2263 3764 versibus.

1650 3781 1783 3833 Nam
1808 3790 1933 3844 etc.‚
1968 3780 2111 3830 Brut.
2136 3778 2196 3844 8,
2223 3787 2300 3839 343
2339 3781 2422 3833 Or.
2449 3779 2544 3842 55,
2571 3789 2648 3831 183

1584 3864 1699 3901 esse
1723 3864 1843 3913 ergo
1869 3850 1920 3900 in
1948 3849 2176 3898 oratione
2200 3863 2470 3898 numerum
2488 3863 2649 3914 quen·

1584 3919 1702 3968 dam
1727 3931 1832 3967 non
1856 3926 1934 3967 est
1957 3915 2167 3966 difficile
2191 3930 2527 3981 cognoscere3
2563 3916 2647 3966 in·

1586 3986 1721 4036 dicat
1744 3985 1880 4034 enim
1898 3998 2101 4034 sensus.
2138 3984 2239 4034 Der
2249 3982 2535 4049 Rhythmus
2553 3985 2645 4034 be-

1582 4051 1700 4103 ruht
1725 4052 1819 4103 aul*
1845 4053 2011 4101 einem
2034 4051 2397 4117 Naturgesetz=
2436 4051 2519 4102 die
2543 4051 2642 4101 Na·

1584 4129 1665 4170 tur
1689 4121 1847 4171 selbst
1869 4121 2064 4169 stim-mt
2086 4118 2370 4185 gleichsam
2393 4118 2494 4169 den
2515 4118 2648 4169 Laut

1583 4187 1665 4239 fiir
1689 4189 1782 4239 das
1808 4187 2155 4238 menschliche
2180 4186 2365 4250 Gehor,
2389 4187 2502 4254 gibt
2526 4188 2647 4238 dem
