2930 4693
455 230 465 238 ⁰
503 239 655 289 xml

1265 224 1727 289 ElNLEITUNG
1757 226 1808 287 11
1838 227 1875 305 ς
1907 234 1957 285 2.

504 395 637 468 Gut,
664 394 815 458 uber
844 393 939 457 die
959 393 1269 457 Wahrheit
1296 395 1403 457 der
1433 394 1767 457 sinnlichen
1792 395 2203 475 Erscheinung
2233 412 2292 455 u.
2318 392 2605 473 dergl.—--
2630 392 2742 455 ab·

503 487 721 542 straete
765 477 1282 561 (philosophische)
1315 479 1548 559 Fragen
1586 478 1969 560 unabhangig
2011 498 2125 541 von
2165 479 2549 541 bestimmten
2590 478 2744 539 Per-

504 583 690 627 sonen
719 564 841 625 und
873 563 1316 626 Verbaltnissen
1351 600 1422 610 —
1445 613 1460 636 ,
1492 564 1614 626 und
1645 564 1938 626 zwischen
1967 565 2202 643 Fragen
2231 562 2599 625 besonderer
2630 564 2747 625 Art

505 649 651 711 oder
681 656 1096 711 concreten
1127 650 1174 710 F
1193 648 1395 711 allen
1425 651 1535 711 mit
1563 649 1947 711 bestimmten
1975 649 2281 710 Personen
2310 648 2432 710 und
2460 646 2765 709 Verbalt-‘

504 735 735 796 nissen:
767 737 1114 810 quaestio
1144 733 1265 795 und
1294 751 1556 804 causa,
1594 731 1787 808 θέσις
1813 733 1936 795 und
1965 727 2327 812 ὑπόθεσις,
2369 734 2747 809 quaestiones

503 822 768 893 infinitae
807 818 930 880 und
965 822 1175 893 finitae
1187 816 1251 895 ⁵).
1324 818 1472 879 Bald
1515 818 1730 880 sollten
1764 817 1903 898 jene
1932 820 2166 899 Fragen
2211 816 2608 896 allgemeinen
2637 817 2745 878 ln-

502 902 656 965 halts
687 920 819 964 vom
849 904 1257 964 oratorischen
1287 903 1440 964 Stoff
1464 922 1610 984 ganz
1640 902 2103 983 ausgeschieden
2133 902 2406 974 werden,
2456 900 2597 962 bald
2629 919 2750 980 zog

502 1006 641 1049 man
682 989 768 1049 sie
811 987 1028 1049 wieder
1069 989 1132 1048 in
1173 987 1289 1049 den
1329 987 1585 1068 Uml'ang
1628 987 1736 1049 der
1778 987 2224 1049 Beredsamkeit
2262 987 2468 1048 hinein
2484 985 2567 1066 6);
2626 986 2748 1046 wie

504 1072 662 1134 denn
707 1071 858 1134 auch
897 1074 959 1132 in
1001 1072 1118 1133 den
1150 1072 1432 1134 Buchern
1478 1075 1554 1134 de
1588 1079 1826 1134 oratore
1872 1073 2053 1135 sowol
2094 1072 2189 1133 die
2223 1073 2355 1133 eine
2386 1070 2473 1133 als
2503 1070 2599 1132 die
2632 1088 2746 1130 an-

505 1157 647 1219 dere
678 1156 923 1219 Ansicht
949 1156 1124 1217 ihren
1153 1156 1457 1219 Vertreter
1488 1157 1671 1219 findet
1688 1155 1753 1239 ⁷).
1807 1156 2202 1219 Hinsichtlich
2233 1155 2339 1218 der
2368 1159 2749 1232 quaestiones

572 1305 630 1371 5)
659 1308 723 1358 de
755 1308 856 1359 inv.
894 1310 915 1358 1
939 1306 997 1367 6,
1023 1317 1049 1358 8
1081 1308 1205 1358 Nam
1231 1308 1568 1374 Hermagoras

505 1376 725 1440 quidem,
754 1391 847 1426 nec
870 1376 995 1440 quid
1017 1376 1152 1426 dicat
1173 1377 1450 1438 attendere,
1477 1391 1570 1426 nec

506 1445 630 1506 quid
676 1444 974 1508 polliceatur
1018 1444 1311 1509 intellegere
1349 1444 1567 1504 videtur,

506 1512 592 1576 qui
639 1512 849 1562 oratoris
897 1512 1158 1561 materiam
1191 1513 1242 1561 in
1279 1526 1485 1562 causam
1521 1521 1570 1561 et

503 1580 558 1629 in
583 1580 932 1644 quaestionem
958 1579 1165 1631 dividat.
1216 1579 1429 1631 Causam
1453 1594 1569 1630 esse

507 1647 628 1698 dicit
651 1662 786 1711 rem,
821 1662 952 1711 quae
983 1647 1167 1698 habeat
1197 1648 1246 1697 in
1285 1663 1342 1697 se
1366 1656 1567 1699 contro-

506 1716 727 1766 versiam
751 1716 804 1766 in
831 1716 1045 1767 dicendo
1070 1717 1290 1782 positam
1316 1730 1431 1765 cum
1455 1730 1573 1781 per-

506 1798 745 1835 sonarum
826 1790 1075 1834 certarum
1162 1783 1569 1848 interpositione3

506 1866 659 1915 quam
694 1866 788 1901 nos
818 1865 1021 1913 quoque
1044 1851 1228 1901 oratori
1253 1851 1468 1901 dicimus
1493 1860 1572 1900 at-

506 1918 762 1968 tributam.
775 1944 838 1954 —-
852 1917 1203 1979 Quaestionem
1213 1927 1381 1967 autem
1392 1919 1573 1984 appel-

508 1985 603 2045 lat,
639 2000 770 2050 quae
802 1984 986 2035 habeat
1019 1986 1070 2035 in
1096 1999 1153 2034 se
1176 1987 1573 2036 controversiam

506 2054 560 2103 in
585 2052 800 2103 dicendo
820 2053 1052 2118 positam,
1066 2053 1177 2103 sine
1195 2063 1443 2103 certarum
1461 2068 1576 2121 per-

508 2135 748 2172 sonarum
787 2121 1171 2187 interpositione
1203 2122 1271 2171 ad
1304 2120 1439 2171 huuc
1467 2136 1573 2172 mo-

510 2189 656 2239 dum:
686 2188 867 2251 ecquid
891 2190 957 2238 sit
983 2189 1170 2239 bonum
1193 2199 1393 2254 praeter
1417 2188 1575 2238 hone-

510 2256 730 2307 statem?
768 2257 938 2306 verine
963 2257 1066 2306 sint
1097 2258 1316 2307 sensus?
1351 2271 1482 2321 quae
1507 2257 1573 2306 sit

510 2323 687 2375 mundi
710 2323 906 2374 forma?
939 2338 1069 2388 quae
1091 2323 1215 2375 solis
1240 2324 1575 2389 magnitudo?

508 2419 577 2429 —
601 2392 756 2443 deor.
782 2394 803 2441 1
830 2391 923 2454 31,
951 2401 1042 2443 iss.
1087 2391 1274 2456 11128,
1302 2402 1390 2444 100.
1441 2392 1575 2447 Orat.

510 2475 557 2510 c.
585 2460 677 2520 14,
701 2468 753 2510 46
784 2459 912 2509 haec
945 2461 1100 2525 igitur
1133 2461 1363 2523 quaestio
1399 2475 1429 2511 a
1451 2475 1572 2528 pro·

510 2528 633 2594 priis
664 2528 900 2593 personis
937 2537 986 2578 et
1019 2529 1332 2595 temporibus
1368 2529 1436 2578 ad
1458 2529 1572 2578 nni-

510 2596 645 2647 versi
680 2595 881 2661 generis
920 2596 1198 2647 orationem
1232 2597 1461 2647 traducta
1484 2611 1575 2662 ap-

508 2664 728 2731 pellatur
750 2658 916 2724 θέσις
938 2680 991 2715 u.
1012 2662 1096 2728 36,
1123 2674 1212 2715 125.
1240 2664 1410 2724 Quint.
1437 2663 1576 2726 1115,

511 2742 536 2781 5
560 2731 614 2782 ff.
662 2734 786 2782 Item
811 2733 1049 2782 convenit
1064 2768 1077 2793 ,
1116 2733 1440 2798 quaestiones
1465 2746 1580 2782 esse

511 2806 599 2849 aut
621 2800 846 2862 infinitas
868 2808 957 2848 aut
971 2800 1166 2863 finitas.
1192 2799 1422 2859 Infinitae
1440 2808 1578 2861 sunt,

426 2881 433 2884 ‘
513 2880 643 2930 quae
675 2866 881 2915 remotis
916 2868 1150 2931 personis
1184 2875 1233 2916 et
1267 2868 1580 2932 temporibus

467 2991 477 3000 θ
513 2942 563 2983 et
584 2933 710 2983 locis
736 2934 1017 2998 ceterisque
1035 2934 1285 2985 similibus
1310 2935 1361 2983 in
1390 2944 1577 2984 utram-

513 3016 612 3064 que
644 3009 840 3067 partem
883 3009 1183 3060 tractantur,
1227 3002 1365 3066 quod
1404 3002 1581 3053 Graeci

513 3062 684 3121 θέσιν
708 3068 907 3130 dicunt,
938 3068 1111 3119 Cicero
1133 3070 1470 3134 propositum,
1492 3069 1580 3119 alii

513 3137 836 3204 quaestiones
880 3139 1194 3189 universales
1239 3138 1435 3194 civiles,
1495 3137 1580 3187 alii

513 3206 836 3271 quaestiones
870 3206 1176 3271 philosopho
1211 3206 1580 3256 convenientes.

513 3272 788 3322 -Finitae
804 3284 972 3323 autem
991 3282 1110 3323 sunt
1130 3288 1196 3323 ex
1207 3273 1480 3340 complexu
1501 3287 1581 3323 re-

512 3356 654 3405 rum,
679 3355 1040 3406 personarum,
1068 3349 1351 3408 temporum
1379 3348 1579 3391 cetero·-

512 3423 743 3472 rumque‚
766 3424 896 3472 quae
918 3399 1049 3460 ὑπο
1063 3403 1147 3460 θέ
1160 3421 1191 3459 σ
1204 3424 1303 3468 εις
1320 3423 1351 3458 a
1376 3407 1581 3459 Graecis

514 3477 769 3540 dicuntur,
800 3492 986 3528 causae
1007 3492 1037 3527 a
1057 3477 1261 3528 nostris.
1293 3478 1349 3527 In
1370 3475 1449 3526 his
1475 3490 1582 3526 om·

514 3546 593 3595 nis
629 3545 857 3607 quaestio
890 3545 1090 3596 videtur
1123 3544 1257 3594 circa
1291 3559 1372 3594 res
1405 3558 1580 3609 perso·

515 3628 710 3678 nasque
722 3612 1027 3673 consistere;
1053 3629 1104 3664 u.
1121 3621 1274 3663 etwas
1293 3612 1469 3662 weiter
1488 3627 1579 3661 un-

515 3690 628 3731 ten:
654 3679 751 3730 hae
775 3689 959 3744 autem,
989 3696 1115 3743 quas
1137 3680 1364 3731 infinitas
1389 3693 1514 3729 voco
1536 3687 1584 3730 et

512 3750 784 3814 generales
805 3749 1152 3816 appellantur,
1176 3747 1313 3811 quod
1334 3747 1379 3798 si
1398 3755 1476 3797 est
1492 3762 1580 3797 ve-

516 3830 656 3877 rum,
691 3815 862 3866 finitae
894 3815 1150 3882 speciales
1175 3822 1335 3865 erunt.
1406 3816 1580 3881 Topic.

518 3883 606 3945 21,
631 3892 682 3933 79
717 3882 1077 3944 Quaestionum
1106 3883 1207 3934 duo
1233 3891 1353 3933 sunt
1377 3897 1581 3947 genera,

519 3951 731 4000 alterum
759 3951 1032 4012 infinitum,
1060 3952 1272 4002 alterum
1299 3950 1580 4002 definitum.

520 4018 790 4081 Definitum
812 4020 1064 4083 est‚‚quod
1086 4009 1373 4071 ὑπόθεσιν
1384 4017 1581 4079 Graeci,

521 4098 617 4134 nos
640 4098 873 4147 causam3
899 4088 1156 4151 infinitum,
1172 4086 1310 4151 quod
1324 4080 1494 4138 θέσιν
1511 4086 1583 4136 illi

521 4151 808 4216 appellant,
844 4167 938 4203 nos
961 4155 1279 4220 propositum
1303 4168 1583 4220 possumus

522 4218 802 4269 nominare.
835 4219 970 4270 Part.
995 4236 1069 4273 or.
1094 4238 1141 4271 c.
1167 4221 1224 4284 1,
1250 4230 1276 4271 4
1303 4228 1458 4271 neunt
1479 4219 1584 4273 Cic.

1671 1310 1752 1360 die
1761 1308 1955 1359 infinita
1967 1309 2197 1371 quaestio
2208 1307 2339 1358 auch
2350 1305 2677 1370 consultatio,
2695 1319 2745 1355 c.

1674 1375 1753 1439 18,
1774 1386 1821 1427 61
1842 1379 1963 1427 aber
1987 1377 2173 1428 wieder
2195 1375 2545 1442 propositum3
2572 1374 2640 1425 de
2663 1388 2747 1424 or.

1672 1446 1739 1495 111
1773 1443 1866 1508 28,
1906 1454 1978 1495 109
2015 1445 2189 1496 beides
2233 1441 2748 1494 zusammenfassend

1673 1509 2750 1630 21:stirpares&muti-..¹323⁸:331

1670 1638 2024 1706 ὑπόθεσίς
2061 1639 2177 1699 ἔστι
2215 1638 2508 1713 ζήτησις
2543 1645 2747 1697 πολι-

1671 1708 1829 1781 τικὴ
1851 1707 1942 1798 ἐφ’
1960 1705 2282 1794 ὡρισμένων
2305 1704 2630 1778 uomentium*
2641 1709 2751 1764 καὶ

1673 1799 2021 1863 πραγμαρων
2076 1772 2468 1901 αἴφιβήτησιν
2528 1775 2562 1833 ἔ
2593 1793 2746 1831 ουσοι

1676 1849 1818 1909 (eine
1883 1867 1952 1917 ητ
1994 1863 2079 1910 σις
2134 1846 2198 1901 πὶ
2594 1842 2750 1906 ἕσις

1677 1911 1831 1971 ἐστὶν
1894 1934 1936 1968 π
1983 1925 2227 1982 σκεψις
2253 1908 2506 1996 λογϊικὴ
2531 1909 2751 1994 ἀμφίσ-

1677 1980 1916 2065 βήτησιν
1958 1976 2305 2065 ἐνδεχομένη
2341 1998 2495 2064 'ausu
2527 1995 2753 2059 προσοῦ,-

1676 2069 1799 2105 πων
1809 2067 2132 2119 ωρισμενων
2153 2050 2253 2105 καὶ
2270 2065 2457 2118 πασης
2480 2063 2753 2117 περιστα-

1679 2136 1818 2182 σεως
1843 2121 1986 2186 (eine
2010 2113 2236 2187 ζήτησις
2259 2111 2591 2186 καθολική).

1745 2187 1804 2254 6)
1832 2188 1900 2240 So
1926 2188 2083 2239 sehon
2125 2190 2197 2239 im
2221 2186 2504 2238 Auschluss
2528 2202 2590 2237 an
2617 2184 2753 2235 Gor-

1677 2257 1815 2322 gias,
1845 2271 1944 2307 von
1970 2257 2085 2306 dem
2110 2255 2408 2306 Aristoteles
2432 2255 2620 2305 wieder
2656 2255 2747 2305 ab·

1676 2339 1945 2391 gegangen
1981 2339 2111 2384 war,
2147 2325 2244 2374 wie
2274 2324 2365 2373 wir
2400 2325 2529 2374 eben
2567 2320 2751 2383 sahen,

1675 2394 2030 2459 Hermagoras.
2095 2392 2198 2445 Gic.
2225 2391 2384 2443 tadelt
2414 2391 2505 2442 ihn
2531 2391 2755 2441 dariiber

1678 2461 1741 2512 de
1765 2461 1869 2512 inv.
1896 2458 2003 2522 16,
2030 2470 2080 2511 8:
2118 2460 2250 2511 Nam
2285 2460 2468 2525 quibus
2505 2459 2558 2508 in
2593 2459 2753 2509 rebus

1680 2544 1879 2579 summa
1911 2528 2117 2594 ingenia
2139 2526 2559 2594 philosophorum
2586 2526 2749 2592 pluri-

1679 2612 1763 2648 mo
1799 2612 1914 2647 cum
1948 2596 2121 2646 labore
2157 2605 2458 2659 consumpta
2492 2593 2750 2658 intellegi·

1680 2680 1811 2727 mus,
1827 2679 1931 2726 eas,
1946 2665 2077 2714 sicut
2099 2663 2293 2726 aliquas
2317 2676 2502 2727 parvas
2527 2676 2609 2710 res
2630 2675 2750 2711 ora·

1684 2734 1780 2782 tori
1802 2732 2091 2794 attribuere,
2106 2745 2291 2796 magua
2300 2728 2750 2780 amentiavidetur.

1680 2801 1831 2850 Diese
1844 2799 2001 2850 Stelle
2024 2799 2111 2848 hat
2135 2798 2305 2859 Quint.
2323 2798 2390 2848 111
2415 2797 2465 2858 5,
2491 2805 2541 2847 14
2566 2797 2634 2845 im
2646 2797 2752 2846 Au·

1681 2883 1773 2933 ge:
1816 2866 1961 2928 Quod
2034 2865 2252 2917 namlich
2270 2864 2392 2930 jene
2418 2863 2634 2914 Ausicht
2659 2864 2753 2914 des

1681 2937 2015 3000 Hermagoras
2090 2931 2416 3000 reprehendit
2462 2931 2643 2982 Cicero
2691 2946 2756 2980 ac

1682 3003 1848 3054 thesin
1874 3001 1998 3052 nihil
2021 3002 2086 3051 ad
2099 3010 2347 3052 oratorem
2358 3000 2611 3065 pertinere
2622 3012 2751 3049 con-

1682 3071 1844 3121 tendit
1856 3079 2120 3133 totumque
2137 3068 2234 3118 hoc
2251 3083 2416 3133 genus
2437 3067 2753 3131 quaestionis

1682 3139 1749 3189 ad
1771 3137 1973 3204 philoso
2011 3136 2106 3187 hos
2130 3136 2300 3186 refert.
2346 3135 2447 3185 Sed
2473 3150 2552 3186 me
2570 3134 2756 3185 libera-

1682 3206 1755 3256 vit
1781 3221 1963 3272 respon
2004 3205 2119 3255 endi
2156 3203 2483 3263 verecundia,
2526 3212 2575 3252 et
2615 3201 2758 3267 quod

1682 3274 1796 3339 ipse
1828 3272 1924 3323 hos
1949 3273 2106 3322 libros
2133 3272 2413 3338 improbat,
2452 3280 2502 3320 et
2536 3270 2677 3333 quod
2698 3271 2756 3319 in

1685 3350 1882 3392 oratore
1915 3337 1986 3406 (c.
2018 3339 2110 3404 14,
2136 3349 2187 3389 45
2210 3339 2289 3401 ff.)
2324 3348 2476 3403 atque
2512 3337 2593 3388 his
2619 3352 2755 3401 quos

1685 3410 1748 3460 de
1774 3418 1970 3460 oratore
1998 3408 2228 3473 scripsit,
2256 3414 2305 3456 et
2329 3406 2531 3474 Topicis
2556 3405 2757 3472 praeci-

1685 3477 1784 3543 pit,
1811 3484 1867 3527 ut
1891 3492 1921 3526 a
1945 3475 2164 3542 propriis
2187 3474 2420 3541 personis
2444 3483 2597 3537 atque
2618 3483 2752 3523 tem-

1681 3546 1890 3611 poribus
1900 3557 2174 3594 avocemus
2198 3543 2611 3592 controversiam.
2632 3540 2755 3606 Vgl.

1688 3615 1732 3663 11
1757 3612 1842 3675 21,
1869 3621 1933 3662 20.
1974 3612 2042 3662 111
2068 3609 2159 3672 30,
2186 3618 2277 3660 120.
2407 3647 2412 3654 .

1754 3678 1813 3746 7)
1841 3680 2020 3730 Zuerst
2064 3678 2173 3743 gibt
2222 3678 2436 3729 Crassus
2484 3677 2610 3726 kurz
2672 3676 2759 3725 die

1686 3746 1999 3798 rhetorische
2022 3746 2237 3797 Theorie
2272 3745 2489 3796 dariiber
2511 3759 2577 3794 an
2612 3745 2663 3805 1,
2689 3741 2754 3795 31

1687 3824 1788 3877 1383
1827 3816 1962 3866 daun
1996 3812 2542 3864 kommtAntonius
2577 3811 2649 3861 im
2692 3812 2758 3861 11.

1688 3884 1746 3934 B.
1761 3898 1827 3932 an
1851 3882 2250 3933 verschiedenen
2276 3880 2467 3931 Stellen
2492 3879 2680 3959 darauf
2693 3895 2759 3930 zu

1685 3947 2761 4083 effla-¹0:¹12332223312233533132535333

1687 4101 1730 4134 ο.
1763 4085 1851 4145 to,
1877 4086 2027 4146 4tff.;
2081 4084 2169 4147 15,
2208 4093 2259 4134 65
2282 4084 2365 4144 ff.;
2416 4080 2506 4143 19,
2540 4091 2620 4143 '183
2674 4079 2758 4144 31,

1688 4161 1763 4203 133
1789 4152 1842 4203 ff.
1892 4152 2089 4202 Zuletzt
2112 4150 2249 4202 stellt
2273 4150 2512 4210 Crassus,
2538 4151 2629 4200 der
2653 4164 2761 4201 von

1688 4219 1993 4271 vornherein
2026 4219 2108 4271 ffu-
2141 4219 2223 4272 die
2258 4218 2595 4270 universalste
2629 4217 2757 4269 Fas·

2223 1845 2476 1915 μερους).
