2930 4693
340 412 476 487 726

409 847 475 897 27

409 1436 479 1489 28

503 251 628 314 108

1158 242 1257 307 DE
1287 241 1646 306 oRAToRE
1674 241 1727 304 11
1759 244 1816 305 7.
1847 248 2087 302 26—29.

673 415 825 477 Tum
857 414 1158 482 CAESAR,
1192 412 1512 494 Equidem,
1543 414 1764 494 inquit,
1797 411 2030 483 Catule,
2072 414 2191 474 iam
2221 412 2369 475 mihi
2401 411 2602 474 videor
2634 434 2738 475 na-

509 518 673 561 vasse
703 518 975 580 operam,
1017 499 1175 581 quod
1203 498 1323 560 huc
1352 499 1636 560 venerim.
1697 498 1846 559 Nam
1876 498 2023 559 haec
2050 498 2181 578 ipsa
2209 499 2503 560 recusatio
2536 499 2737 578 dispu-

508 585 748 646 tationis
777 584 1092 665 disputatio
1122 583 1412 666 quaedam
1450 583 1562 644 fuit
1589 582 1738 644 mihi
1766 582 2005 663 quidem
2033 582 2418 663 periucunda.
2479 583 2600 644 Sed
2629 602 2739 644 cur

505 668 862 750 immdimus
883 669 1236 731 Antonium?
1266 670 1436 729 cuius
1465 667 1639 729 audio
1670 686 1798 729 esse
1826 674 2044 749 partes,
2075 674 2143 728 ut
2163 668 2237 728 de
2258 675 2381 729 tota
2401 667 2738 750 eloquentia

508 753 788 825 disserat,
820 772 1114 835 quemque
1142 756 1260 813 iam
1292 752 1515 814 dudum
1546 759 1606 814 et
1634 752 1799 814 Cotta
1832 758 1891 813 et
1920 750 2216 832 Sulpicius
2246 754 2583 834 exspectat?

676 838 801 917 Ego
841 856 1011 910 vero,
1064 838 1257 918 inquit
1287 834 1632 916 CRASSUS,
1676 855 1869 918 neque
1897 838 2219 898 Antonium
2262 836 2507 899 verbum
2536 837 2737 900 faeere

506 920 697 1003 patiar
727 933 787 984 et
814 924 941 1003 ipse
974 920 1407 993 obmutescam,
1441 923 1556 983 nisi
1583 923 1751 1002 prius
1781 940 1815 983 a
1845 907 2012 984 vobis
2040 924 2364 1002 impetrare
2405 958 2474 968 —

677 1006 1008 1079 Quidnam?
1033 1008 1226 1088 inquit
1254 1004 1600 1069 Garunna.

675 1092 754 1153 Ut
781 1092 878 1153 hic
908 1093 1036 1153 sitis
1064 1091 1258 1153 hodie.

677 1176 861 1247 Tum,
905 1195 1040 1237 cum
1078 1174 1179 1236 ille
1211 1175 1536 1248 dubitaret,
1581 1176 1739 1256 quod
1784 1176 1858 1238 ad
1887 1176 2137 1239 fratrem
2163 1177 2549 1257 promiserat,
2589 1175 2733 1256 Ego,

507 1260 699 1340 inquit
740 1261 1006 1332 IULIUS,
1047 1279 1159 1341 pro
1191 1268 1441 1342 utroque
1486 1261 1851 1341 respondeo:
1905 1263 1991 1324 sic
2033 1262 2347 1334 faciemus;
2403 1271 2579 1343 atque
2623 1263 2736 1323 ista

509 1343 748 1424 quidem
779 1346 1155 1417 condicione,
1190 1345 1280 1407 vel
1309 1354 1375 1408 ut
1401 1345 1651 1407 verbum
1681 1346 1908 1408 nullum
1937 1346 2194 1418 faceres,
2225 1366 2321 1407 me
2351 1354 2606 1409 teneres.

674 1430 785 1492 Hic
815 1426 1142 1493 CATULUS
1173 1431 1408 1501 adrisit,
1440 1439 1500 1492 et
1528 1431 1729 1503 simul,
1760 1431 2050 1503 Praecisa,
2082 1433 2289 1513 inquit,
2321 1432 2468 1493 mihi
2496 1431 2735 1513 quidem

509 1524 598 1576 est
626 1513 941 1587 dubitatio,
995 1517 1274 1596 quoniam
1305 1534 1498 1596 neque
1529 1515 1691 1578 domi
1717 1519 2079 1597 imperaram
2111 1525 2170 1577 et
2199 1516 2325 1589 hic,
2369 1517 2525 1597 apud
2556 1535 2734 1597 quem

510 1618 674 1662 eram
703 1600 967 1672 futurus,
998 1602 1127 1661 sine
1157 1619 1288 1662 mea
1320 1603 1614 1664 sententia
1642 1608 1763 1662 tam
1795 1600 1967 1661 facile
1994 1603 2288 1681 promisit.

677 1685 830 1748 Tum
861 1704 1068 1747 omnes
1098 1685 1300 1747 oculos
1327 1688 1391 1745 in
1420 1685 1740 1746 Antonium
1770 1687 2183 1757 coniecerunt;
2227 1692 2287 1746 et
2314 1685 2479 1757 ille,
2522 1685 2735 1747 Audite

508 1789 677 1842 vero,
721 1770 948 1841 audite,
992 1772 1199 1851 inquit.
1280 1771 1596 1832 Hominem
1638 1772 1797 1831 enim
1840 1769 2091 1832 audietis
2133 1771 2206 1831 de
2248 1762 2450 1832 schola
2492 1780 2671 1852 atque
2701 1790 2734 1831 a

511 1856 795 1932 magistro
842 1862 902 1914 et
939 1854 1181 1915 Graecis
1219 1854 1434 1917 litteris
1464 1854 1778 1916 eruditum.
1838 1855 1913 1916 Et
1943 1873 2013 1915 eo
2043 1855 2281 1936 quidem
2311 1855 2519 1937 loquar
2550 1855 2735 1917 confi-

511 1937 773 2010 dentiuS,
827 1934 987 2018 quod
1016 1938 1254 2000 Catulus
1283 1940 1516 2000 auditor
1546 1942 1820 2011 accessit,
1862 1942 1959 2000 cui
1987 1959 2119 2001 non
2165 1939 2358 2002 solum
2401 1958 2508 2002 nos
2538 1940 2736 2002 Latini

511 2023 831 2093 sermonis,
883 2021 988 2082 sed
1028 2024 1205 2083 etiam
1247 2024 1460 2085 Graeci
1501 2026 1615 2104 ipsi
1654 2026 1850 2086 solent·
1890 2043 2032 2086 suae
2073 2024 2308 2104 linguae
2350 2023 2734 2086 subtilitatem

413 2114 482 2168 ²9
512 2104 981 2189 elegantiamque
1005 2108 1352 2169 concedere.
1397 2108 1516 2169 Sed
1538 2111 1676 2189 quia
1704 2117 1906 2171 tamen
1935 2110 2049 2171 hoc
2077 2117 2285 2182 totum,
2320 2109 2601 2191 quidquid
2625 2119 2733 2180 est,

581 2294 631 2357 7,
656 2303 727 2346 26.
764 2310 1006 2357 navasse,
1034 2294 1167 2345 noch
1192 2303 1349 2345 etwas
1374 2297 1577 2345 starker

511 2363 592 2414 als
619 2364 709 2413 der
733 2364 969 2429 negative
983 2364 1255 2414 Ausdruck
1281 2379 1381 2415 non
1406 2364 1576 2430 perdi-

513 2431 654 2482 disse
678 2445 902 2496 operam.
940 2432 1081 2482 Brut.
1106 2429 1190 2493 81,
1216 2441 1310 2483 282.

581 2500 864 2564 disputatio
911 2501 1184 2566 quaedam,
1243 2500 1311 2551 da
1361 2500 1418 2564 ja
1468 2501 1574 2552 Cic.

511 2566 734 2617 wirklich
747 2567 895 2632 eben,
914 2568 1010 2618 wie
1027 2568 1107 2618 bei
1124 2566 1575 2634 philosophischen

513 2635 636 2687 oder
661 2635 926 2701 sonstigen
956 2635 1372 2703 Disputationen,
1407 2636 1576 2688 Punkt

513 2703 595 2753 fiir
618 2703 788 2753 Punkt
810 2703 1073 2771 widerlegt
1094 2703 1199 2755 hat.

583 2778 852 2836 exspectat
897 2772 988 2821 der
1010 2772 1287 2837 singularis
1320 2773 1418 2821 wie
1451 2770 1489 2836 8
1514 2773 1573 2835 23

514 2838 662 2888 Brut.
691 2836 772 2898 11,
796 2846 872 2898 42;
901 2838 963 2888 de
989 2839 1093 2892 div.
1121 2840 1143 2888 Ι
1167 2838 1250 2901 39,
1278 2848 1328 2889 84
1361 2840 1467 2889 Hac
1490 2854 1571 2889 ra-

511 2906 649 2954 tione
692 2912 742 2953 et
776 2902 1092 2971 Chrysippus
1139 2915 1188 2957 et
1224 2908 1479 2973 Diogenes
1527 2917 1577 2959 et

513 2972 780 3037 Antipater
804 2972 981 3022 utitur.

584 3048 650 3090 27.
692 3038 758 3089 Ut
781 3039 863 3089 hic
883 3042 997 3090 sitia
1020 3040 1189 3092 hodie.
1225 3042 1294 3091 Es
1317 3057 1420 3092 war
1442 3040 1577 3092 noch

516 3104 634 3156 friih
668 3120 749 3155 am
774 3107 937 3172 Tage3
978 3123 1030 3161 ιι.
1061 3108 1267 3158 Catulus
1300 3125 1352 3161 u.
1383 3108 1571 3160 Caesar

517 3172 681 3224 nonen
709 3173 766 3238 ja
797 3172 930 3223 auch
969 3190 1052 3225 am
1096 3174 1569 3241 nachmittfiglichen

504 3239 807 3308 ,Gesprfiche
823 3241 969 3292 Theil
988 3242 1225 3293 nehmen.
1260 3245 1334 3295 ad
1347 3244 1571 3306 fratrem

512 3311 827 3375 promiserat
877 3325 948 3361 se.
983 3326 1042 3361 se
1082 3312 1271 3362 iturum
1312 3320 1566 3372 cenatum,

518 3377 601 3427 ein
642 3376 870 3428 iiblicher
902 3378 1173 3429 Ausdruck
1215 3380 1306 3429 des
1344 3379 1567 3429 socialen

517 3445 747 3496 Lebenst
784 3445 951 3496 einem
976 3461 1228 3513 zusagen,
1256 3446 1365 3498 sich
1390 3462 1455 3496 an
1482 3447 1569 3498 Je-

518 3511 677 3642 isntigg
695 3528 960 3579 versagen.
985 3514 1304 3580 Nfigelsbach
1320 3514 1432 3566 Lat.
1454 3514 1566 3566 Stil.

678 3615 695 3641 ,
720 3588 765 3630 4.

584 3663 686 3712 pro
707 3654 925 3714 utroque
947 3652 1252 3715 respondeo,
1290 3646 1323 3716 S
1347 3648 1463 3701 362.
1501 3651 1573 3700 111

518 3711 605 3775 49,
632 3722 724 3765 188.
758 3714 898 3766 Brut.
924 3715 1007 3778 32,
1035 3726 1110 3767 122
1143 3718 1300 3768 Nobis
1325 3732 1465 3782 vero,
1490 3718 1568 3766 in-

521 3783 631 3848 quit
655 3782 880 3844 Atticus,
925 3792 975 3833 et
1008 3784 1331 3836 vehementer
1364 3786 1573 3847 quidem

521 3848 617 3916 (sc.
650 3848 868 3915 placetff,
912 3858 968 3902 ut
998 3866 1091 3917 pro
1114 3852 1269 3903 Bruto
1290 3853 1454 3902 etiam
1490 3868 1568 3902 re-

523 3917 821 3984 spondeam.
855 3919 932 3968 εἰσ
959 3919 1229 3981 faciemus,
1256 3921 1337 3970 die
1360 3919 1572 3970 solenne

524 3984 905 4050 Zusageformel
929 3983 1020 4050 (im
1043 3985 1235 4037 Namen
1262 3985 1482 4051 beider).

593 4059 746 4118 atque
765 4060 971 4103 —setzt
994 4054 1084 4104 der
1101 4056 1301 4121 witzige
1315 4055 1471 4106 Ciisar
1494 4055 1575 4105 fiir

527 4119 668 4166 seine
690 4118 883 4170 Person
903 4118 1087 4172 hinzu:
1110 4125 1212 4173 ista
1236 4125 1433 4189 quidem
1455 4139 1574 4174 con-

527 4184 742 4244 dicione,
766 4188 861 4235 wie
886 4187 956 4235 du
977 4188 1053 4237 sie
1076 4190 1205 4238 eben
1223 4190 1424 4253 gestellt
1440 4189 1571 4247 hast,

526 4248 697 4301 indem
744 4253 814 4302 du
860 4266 961 4304 von
1004 4269 1214 4306 unserer
1247 4257 1444 4320 Zusage
1490 4257 1573 4306 die

1672 2297 2014 2415 Fortgesszung
2033 2297 2124 2349 des
2137 2296 2456 2365 Gespriiches
2476 2297 2737 2363 abhfingig

1678 2381 1790 2416 mae
1829 2382 1853 2416 s
1879 2403 1893 2416 .

1741 2454 1823 2502 vel
1841 2477 1909 2487 —-
1935 2451 2027 2500 der
2044 2448 2235 2501 Schera
2260 2451 2384 2516 liegt
2401 2450 2454 2501 ἰιι
2473 2450 2563 2501 der
2580 2466 2735 2500 uner-
2776 2497 2786 2504 .

1676 2525 1917 2569 warteten
1926 2519 2207 2585 Wendung
2218 2518 2360 2582 (dem
2373 2509 2705 2586 ἄπροσδόκη
2713 2547 2735 2556 ·

1676 2584 1831 2650 τον),
1881 2587 1966 2637 die
1999 2586 2268 2652 cigentlich
2315 2586 2413 2636 den
2446 2585 2612 2637 Inhalt
2646 2588 2738 2636 der

1676 2654 1906 2704 condicio
1930 2653 2168 2705 aufhebt:
2195 2655 2265 2706 du
2289 2655 2438 2705 willst
2455 2655 2574 2704 kein
2585 2654 2738 2704 Wort

1678 2721 2103 2787 sprechen,wenn
2120 2723 2210 2772 wir
2227 2721 2366 2772 nicht
2387 2723 2586 2772 bleiben
2607 2720 2731 2772 wol-

1678 2790 1781 2852 len,
1806 2788 1890 2839 ich
1913 2788 2054 2839 dreh’
2081 2806 2137 2840 es
2160 2790 2366 2841 herum:
2404 2791 2494 2840 wir
2514 2789 2735 2851 bleibeu‚

1674 2857 1806 2907 auch
1829 2873 1975 2908 wenn
2001 2859 2070 2908 du
2093 2858 2212 2908 kein
2236 2859 2387 2909 Wort
2411 2857 2650 2924 sprichst.

1745 2950 1813 2992 28.
1848 2944 2156 3005 imperaram
2190 2958 2263 2992 sc.
2298 2955 2500 3001 cenam,
2544 2944 2642 2991 wie
2679 2958 2735 2993 es

1682 3026 1727 3059 z.
1748 3008 1807 3060 Β.
1833 3024 1885 3075 p.
1908 3009 2061 3059 Rosc.
2079 3010 2196 3060 Am.
2218 3008 2300 3070 21,
2322 3019 2371 3061 59
2396 3010 2546 3060 dabei
2571 3009 2733 3060 steht:

1678 3090 1889 3141 puerum
1905 3085 2124 3137 vocaret,
2144 3078 2225 3127 cui
2239 3091 2414 3128 cenam
2434 3079 2735 3144 imperarem

1679 3143 1952 3208 natfirlich,
1996 3159 2056 3193 er.
2081 3145 2329 3208 gedachte
2359 3145 2415 3209 ja
2439 3146 2521 3196 bei
2546 3146 2737 3197 Caesar

1672 3228 1737 3261 zu
1763 3212 1943 3276 Mittag
1968 3228 2031 3261 zu
2057 3228 2223 3265 essen.
2251 3240 2316 3250 —
2342 3216 2455 3264 sine
2476 3229 2589 3263 mea
2611 3229 2732 3263 een-

1673 3281 1857 3339 tentia,
1896 3278 2028 3329 ohne
2049 3280 2186 3330 mich
2213 3297 2273 3331 zu
2302 3281 2497 3346 fragen.

1743 3364 2005 3414 Tractatio
2046 3379 2088 3415 c.
2115 3363 2167 3429 7,
2201 3361 2403 3427 28—88,
2437 3373 2529 3414 361.
2602 3367 2732 3416 An·

1671 3433 1892 3481 tonius
1916 3432 2180 3497 beginnt
2212 3433 2315 3482 die
2342 3432 2736 3497 eigentliche

1674 3502 1914 3550 tractatio
1962 3500 2187 3560 damit,
2238 3499 2387 3549 dass
2432 3515 2496 3549 er
2535 3500 2735 3564 jetzt,

1671 3580 1760 3617 wo
1787 3582 1851 3617 es
1876 3566 2011 3617 sich
2035 3583 2132 3617 um
2156 3566 2259 3617 die
2283 3565 2693 3618 rhetor.Tech
2712 3596 2733 3606 -

1675 3633 1934 3700 nologie
1956 3634 2247 3698 handelt,
2276 3636 2377 3685 die
2396 3633 2738 3686 Resnltate

1674 3701 1784 3752 der
1805 3702 2556 3768 gestrigenDisputation
2581 3704 2737 3754 iiber

1675 3770 1776 3819 die
1801 3769 2181 3834 Bedeutung
2216 3769 2324 3820 der
2356 3769 2736 3821 Redekunst

1673 3837 1767 3886 als
1801 3835 2158 3902 Grundlage
2201 3837 2310 3887 der
2341 3837 2545 3887 Lehre
2581 3851 2732 3888 vor-

1673 3902 2018 3964 anste11t7,
2042 3903 2246 3965 28—10,
2271 3913 2340 3954 41.

1742 3988 1949 4050 Audite,
1961 3990 2054 4039 mit
2065 3987 2346 4039 ironischer
2355 3986 2735 4054 Naehahmung

1669 4055 1818 4119 jener
1839 4055 2027 4121 griech.
2054 4056 2325 4116 Rhetoren‚
2352 4055 2434 4105 die
2458 4056 2511 4104 in
2535 4057 2732 4107 mat-kt·

1672 4122 2057 4203 schreierischer
2081 4125 2259 4175 Weise
2289 4121 2399 4173 ihre
2420 4123 2608 4173 Waare
2632 4138 2734 4173 an·

1671 4205 2015 4315 Ρΐῗῖἶῖὶιοια,
2040 4258 2132 4306 wie
2152 4256 2236 4307 ot.
2264 4256 2346 4321 15,
2372 4264 2422 4306 ιτ
2448 4257 2677 4308 deludo.

2767 3 2930 189 7
