2930 4693
928 219 1025 284 DE
1057 218 1413 285 ORATORE
1440 221 1495 284 11
1525 222 1582 284 2.
1613 228 1666 283 6.
1695 231 1746 283 7.

2333 228 2452 293 101

392 390 658 462 Quorum
681 389 993 453 consilium
1017 390 1189 472 quale
1211 391 1407 462 fuerit,
1439 391 1588 454 nihil
1609 410 1753 454 sane
1773 392 1848 454 ad
1878 362 1993 454 hoc
2015 400 2276 474 tempus;
2306 393 2456 459 illud
2500 388 2508 396 ’

222 483 421 537 autem
452 482 542 537 est
568 475 744 537 huius
786 477 1088 538 institutae
1130 478 1470 556 scriptionis
1511 496 1581 539 ac
1622 479 1936 559 temporis,
1989 481 2284 542 neminem
2331 480 2455 543 elo·

221 562 464 642 quentia
493 577 615 621 non
644 561 822 622 modo
853 562 981 622 sine
1011 561 1249 622 dicendi
1278 561 1578 634 doctriua,
1621 563 1727 624 sed
1757 581 1834 624 ne
1863 564 1992 624 siue
2022 566 2187 626 omni

219 647 508 725 sapientia
550 646 766 707 florere
806 664 1087 727 umquam
1128 653 1188 707 et
1232 654 1538 726 praestare
1583 649 1864 728 potuisse.
1933 648 2167 712 Etenim
2220 657 2454 712 ceterae
2497 648 2542 721 2
2588 726 2597 731 .

2215 565 2454 646 quidem

219 731 351 792 fere
382 737 542 791 artes
581 749 645 792 se
685 731 851 812 ipsae
897 750 1009 811 per
1059 750 1123 792 se
1159 738 1404 794 tuentur
1444 732 1743 812 singulam
1797 732 1953 795 hene
1992 733 2192 796 dicere
2236 742 2452 805 autem,

221 814 382 897 quod
412 823 504 876 est
531 817 791 878 scienter
820 823 880 878 et
905 817 1101 896 perite
1130 823 1190 878 et
1229 826 1437 878 ornate
1479 818 1708 889 dicere,
1763 836 1887 880 non
1932 818 2112 880 habet
2153 819 2454 881 definitam

221 900 482 981 aliquam
505 902 831 980 regionem,
846 902 1014 963 cuius
1037 903 1306 964 terminis
1330 910 1533 983 saepta
1557 909 1849 965 teneatur.
1883 902 2113 984 Omnia,
2139 923 2454 985 quaecum-

222 1004 340 1066 que
367 987 433 1046 in
462 985 772 1048 homiuum
804 986 1293 1067 disceptationem
1325 987 1540 1049 cadere
1578 988 1852 1068 possunt,
1899 988 2054 1050 hene
2094 997 2231 1051 sunt
2271 991 2328 1052 ei
2367 990 2454 1051 di-

223 1071 439 1143 cenda,
483 1072 585 1151 qui
624 1071 739 1132 hoc
777 1089 841 1132 se
881 1090 1057 1152 posse
1098 1073 1434 1151 profitetur,
1489 1080 1590 1134 aut
1619 1071 1991 1154 eloquentiae
2022 1070 2243 1140 nomeu
2271 1074 2451 1137 relin-

222 1155 525 1235 quendum
556 1164 660 1216 est.
723 1156 917 1228 Quare
948 1156 1222 1237 equidem
1253 1164 1313 1218 et
1339 1160 1404 1219 in
1433 1165 1637 1219 nostra
1669 1160 1901 1220 civitate
1933 1166 1992 1220 et
2020 1161 2083 1220 in
2112 1160 2240 1240 ipsa
2270 1160 2453 1222 Grae·
2483 1170 2518 1222 6

223 1242 331 1312 cia,
365 1259 515 1320 quae
545 1259 782 1322 semper
811 1241 959 1303 haec
988 1259 1219 1304 summa
1248 1243 1431 1310 duxit.
1464 1241 1683 1305 multos
1714 1241 1848 1325 [et
1830 1246 2088 1323 ingeniis
2118 1242 2207 1328 et]
2241 1263 2454 1325 magna

221 1324 399 1386 laude
429 1325 664 1387 dicendi
692 1327 820 1388 sine
849 1344 1081 1388 summa
1108 1345 1311 1389 rerum
1334 1329 1601 1389 omnium
1624 1329 1869 1390 scientia
1900 1329 2083 1391 fuisse
2113 1330 2334 1403 fateor;
2367 1338 2455 1392 ta-

222 1409 343 1470 lem
382 1429 522 1472 vero
566 1411 849 1473 exsistere
897 1410 1324 1492 eloquentiam,
1381 1411 1571 1493 qualis
1611 1413 1767 1475 fuit
1749 1431 1811 1474 ιιι
1844 1414 2054 1477 Crasso
2085 1422 2146 1476 et
2172 1415 2448 1485 Antonio,

224 1513 348 1556 non
379 1497 632 1575 coguitis
673 1496 853 1558 rebus
893 1496 1200 1569 omnihus,
1243 1516 1392 1578 quae
1423 1498 1499 1559 ad
1527 1505 1751 1563 tantam
1783 1499 2161 1579 prudentiam
2190 1502 2454 1581 pertine-

223 1589 361 1642 rent
401 1587 738 1661 tantamque
769 1582 1006 1643 dicendi
1044 1585 1306 1662 copiam,
1350 1592 1570 1663 quanta
1597 1585 1660 1644 in
1689 1583 1805 1644 illis
1834 1583 1979 1656 fuit,
2023 1601 2144 1646 non
2186 1587 2451 1665 potuisse

223 1666 531 1728 confirmo.
618 1666 747 1738 Quo
777 1669 955 1729 etiam
984 1667 1100 1729 feci
1127 1667 1437 1739 libentius,
1482 1677 1547 1730 ut
1577 1687 1712 1730 eum
1742 1686 2110 1740 sermonem,
2162 1687 2338 1749 quem
2366 1668 2455 1729 illi
2483 1676 2514 1725 7

223 1751 521 1831 quondam
549 1752 709 1813 inter
737 1770 803 1813 se
832 1751 907 1813 de
934 1752 1028 1814 his
1057 1752 1238 1814 rebus
1267 1752 1641 1825 habuissent,
1689 1753 2038 1815 mandarem
2062 1753 2305 1825 litteris;
2361 1753 2453 1815 vel

223 1843 292 1897 ut
317 1835 416 1897 illa
447 1837 678 1916 opinio,
711 1856 861 1917 quae
892 1855 1131 1918 semper
1159 1838 1395 1910 fuisset,
1425 1838 1767 1910 tolleretur,
1799 1839 2054 1901 alterum
2086 1857 2206 1900 nou
2237 1839 2453 1902 doctis-

223 1923 438 1983 simum
453 1969 470 1992 ,
514 1919 764 1984 alterum
794 1922 970 2004 plane
996 1923 1302 1985 indoctum
1342 1924 1552 1995 fuisse;
1606 1923 1696 1985 vel
1742 1932 1806 1987 ιιι
1836 1943 1903 1985 ea
1918 1972 1934 1997 ,
1979 1941 2129 2005 quae
2159 1926 2456 1987 existima-

165 2008 170 2013 ’
224 2024 356 2067 rem
386 2025 420 2066 a
448 2008 695 2069 summis
723 2007 1060 2081 oratoribus
1089 2009 1164 2070 de
1195 2009 1530 2090 eloquentia
1562 2010 1840 2071 divinitus
1869 2027 1998 2075 esse
2027 2010 2184 2071 dicta
2200 2059 2217 2082 ,
2261 2018 2456 2071 custo-

226 2091 418 2154 direm
459 2091 699 2164 litteris,
744 2095 795 2154 si
819 2092 956 2155 ‘ullo
1004 2093 1183 2155 modo
1224 2093 1469 2176 adsequi
1499 2094 1928 2176 complectique
1968 2097 2323 2175 potuissem;
2365 2095 2457 2157 vel

293 2288 334 2328 5.
349 2280 532 2398 fiale,
554 2278 639 2329 die
650 2278 959 2346 Richtigkeit
976 2280 1068 2332 der
1077 2280 1295 2331 Ansicht

225 2363 291 2397 an
319 2362 395 2397 stc

295 2418 562 2467 institutae
594 2417 892 2481 scriptionis
928 2417 1103 2477 11145,
1129 2427 1224 2469 177.

293 2483 344 2532 2.
382 2485 604 2534 scienter
637 2491 735 2535 etc.
771 2485 861 2534 mit
882 2484 1181 2551 Beziehung
1205 2486 1300 2537 auf

227 2551 310 2601 die
332 2549 365 2601 3
390 2551 697 2616 Hauptteile,
724 2552 810 2603 die
834 2553 1085 2612 inventio,
1114 2554 1292 2620 dispo-

224 2620 343 2670 sitio
378 2635 430 2669 ιι.
457 2619 688 2680 elocutio,
714 2621 809 2670 wie
832 2621 854 2669 1
881 2620 960 2683 15,
986 2630 1037 2671 64
1073 2623 1292 2685 prudeu-

224 2696 331 2749 ter,
367 2688 675 2753 composite,
712 2696 889 2739 ornate
919 2689 1027 2741 und
1059 2690 1151 2739 mit
1174 2704 1289 2739 ver-

226 2724 464 2806 anderter
485 2726 822 2822 Reihel'ifolge
848 2758 870 2808 I
896 2755 977 2819 11,
1002 2766 1055 2808 48
1077 2771 1294 2823 compo

224 2825 323 2874 site
340 2859 355 2885 ,
383 2832 584 2887 ornate,
612 2825 841 2890 copiose.

224 2892 1292 3013 νιὧέῗὲἲΐύἒξῗᾶὲῖὲἱῗιῗξὲὲᾞῖὲἰῗῗὲ

225 3027 475 3108 gelsbach·
497 3027 609 3078 Lat.
636 3026 749 3078 Stil.
785 3024 817 3094 S
857 3027 979 3092 129,
1017 3039 1057 3081 5.
1095 3057 1160 3068 --
1194 3029 1289 3079 Die

227 3095 384 3146 Stelle
409 3096 633 3146 erinnert
663 3094 826 3145 ihrem
851 3096 1047 3147 Inhalte
1070 3096 1201 3148 nach
1224 3112 1289 3147 an

225 3166 385 3215 Arist.
410 3162 557 3214 Rhet.
588 3164 666 3215 12
706 3181 819 3216 των
880 3157 951 3245 ἀρ
976 3156 1161 3217 αλλων
1169 3165 1292 3244 (sc.

226 3230 466 3311 τεχνῶν)
441 3223 711 3299 )ἕκοὶστη
735 3181 876 3297 περῖ
890 3248 955 3283 το
984 3224 1130 3312 αὐτῇ
1152 3248 1295 3285 υπο-

226 3293 497 3381 κείμενόν
516 3293 633 3351 ἐστι
653 3293 1033 3380 ὃιὸασκαλικὴ
1051 3298 1151 3353 καὶ
1167 3316 1292 3353 πει-

227 3361 393 3436 στικὴ
406 3363 535 3421 οἷον
547 3359 774 3436 ἰατρικὴ
787 3359 961 3436 περὶ
929 3360 1294 3449 υγιεινόνκαὶ

226 3429 498 3502 νοσερόν,
547 3434 648 3489 καὶ
691 3436 1007 3517 γεωμετρία
1047 3434 1179 3503 περὶ
1220 3430 1293 3490 τὰ

224 3455 688 3624 Ιπάι-βε.βηιιότιιι
658 3496 742 3556 πά
865 3507 986 3584 τοῖς
1018 3500 1293 3585 μεγέθεσι

227 3656 302 3699 ω.
224 3566 486 3692 ’ω’ὲῖρὲῗ
525 3588 811 3721 Ζῖξᾜὲἴέἵ
826 3563 1294 3720 τ”ἷὲἰῖἕῗῖιῖμέἔῐ

228 3656 579 3788 ἐπιστημῶν·
598 3699 633 3774 ἦ
658 3703 724 3761 δὲ
745 3700 1015 3777 §nmque
1039 3706 1292 3788 περὶτοῦ

228 3774 348 3827 do&
300 3768 559 3837 θ’έντος
521 3794 595 3837 ως
611 3773 800 3830 εἰπεῖν
814 3726 1291 3830 δοκεῖᾎῦνασθαι

225 3843 478 3925 θεωρεῖν
509 3838 574 3897 τὸ
598 3837 887 3898 πιθανόν·
932 3837 1026 3898 διὸ
1051 3843 1151 3898 καὶ
1155 3837 1292 3925 φοξ-

225 3927 335 3979 μεν
368 3904 552 3979 αὐτὴν
584 3905 654 3965 οὗ
686 3914 826 3992 περί
853 3930 909 3966 τι
934 3908 1097 3994 γένος
1132 3904 1291 3979 ἀφω-

226 3975 494 4046 ρισμένον
518 3975 673 4048 ἔχειν
695 3973 760 4033 τὸ
785 3974 1062 4048 τεχνικόν.

294 4056 337 4100 6.
377 4049 1291 4129 Graecial4,13.—multosma9na

226 4118 382 4167 laude
406 4119 629 4169 dicendi.
677 4117 773 4167 Die
807 4116 1292 4182 eingeklammerten

223 4184 410 4235 Worte
455 4186 574 4238 siud
618 4199 783 4252 gegeu
834 4184 917 4234 die
963 4183 1291 4247 Grammatik,

224 4253 322 4306 wie
332 4268 500 4320 gagen
514 4255 614 4307 den
626 4251 1099 4320 zusammenhsng.
1128 4254 1291 4305 ‘wenn

1393 2280 1552 2332 daher
1569 2236 1699 2332 auch
1710 2282 2060 2349 zugestauden
2070 2281 2275 2333 werden
2294 2297 2454 2342 muse,

1394 2351 1516 2402 dass
1529 2366 1584 2401 es
1605 2351 1736 2401 viele
1759 2351 1989 2417 gegeben
2010 2350 2113 2412 hat,
2149 2352 2303 2420 deren
2331 2352 2454 2401 Re-

1396 2419 1852 2485 defertigkeit,
1915 2421 2165 2470 trotzdem
2190 2415 2331 2470 dass
2378 2421 2455 2469 sie

1420 2502 1543 2537 enes
1577 2486 1976 2538 allumsassende
2008 2488 2219 2538 Wissen
2252 2487 2455 2555 (omnia

1392 2502 1510 2620 §m
1546 2554 1685 2604 nicht
1715 2554 1988 2617 besassen,
2033 2555 2266 2605 dennoch
2308 2555 2455 2605 sehr

1392 2622 1688 2687 geriihmt
1718 2636 1842 2672 war
1875 2620 2041 2687 (Brut.
2067 2620 2151 2684 69,
2177 2631 2253 2672 243
2277 2624 2330 2673 in
2353 2637 2448 2688 pa·-

1392 2700 1658 2740 tronorum
1682 2691 1795 2740 sine
1820 2690 2073 2753 doctrina,
2101 2691 2214 2739 sine
2230 2691 2451 2756 ingenio,

1392 2758 1616 2822 aliquem
1641 2772 1911 2808 numerum
1934 2754 2281 2823 pervenerat),
2306 2772 2365 2809 so
2388 2760 2458 2808 ist

1394 2826 1487 2876 das
1522 2825 1655 2876 doch
1699 2842 1794 2877 nur
1836 2826 1919 2875 ein
1958 2825 2276 2876 relatives
2317 2825 2455 2884 Lob;

1394 2895 1509 2943 eine
1566 2893 1739 2944 solche
1796 2892 2219 2944 reduerische
2273 2894 2461 2944 Voll-

1394 2961 1684 3028 endung,
1724 2962 1822 3012 wie
1855 2962 1946 3012 wir
1976 2962 2052 3012 sie
2085 2961 2170 3011 bei
2196 2961 2278 3013 Cr.
2313 2978 2364 3013 u.
2391 2963 2455 3013 A.

1392 3030 1608 3092 finden,
1626 3030 1696 3081 ist
1730 3030 1861 3080 ohne
1891 3029 2014 3095 jene
2036 3029 2326 3081 universale
2349 3029 2458 3080 Bil-

1396 3097 1539 3162 dung
1559 3096 1698 3148 nicht
1724 3097 1981 3163 moglich.’
2007 3106 2057 3147 et
2083 3098 2304 3165 ingeniis
2330 3097 2459 3161 (wo-

1395 3165 1479 3215 fiir
1494 3180 1612 3216 man
1632 3165 1763 3215 auch
1783 3165 1922 3216 nicht
1944 3167 2170 3231 ingenita
2193 3166 2457 3217 schreiben

1397 3231 1564 3297 kann)
1586 3234 1655 3283 ist
1665 3233 1821 3283 daher
1829 3232 2099 3284 sicherlich
2119 3235 2199 3283 ein
2210 3237 2459 3299 spaterer,

1397 3316 1492 3351 aus
1517 3301 1632 3351 dem
1650 3301 1779 3351 Text
1801 3301 1989 3350 wieder
2013 3316 2078 3350 zu
2103 3300 2461 3352 entfernender

1398 3369 1604 3419 Zusatz.
1637 3369 1827 3434 fuisse,
1863 3364 1903 3434 S
1918 3367 2003 3418 75.

1463 3447 1507 3487 7.
1545 3436 1652 3498 Quo
1676 3439 1826 3487 etiam
1850 3445 1945 3487 etc.
1981 3435 2112 3485 Dass
2140 3435 2194 3486 C.
2221 3433 2331 3485 sich
2355 3408 2459 3485 erst

1394 3503 1507 3554 hier
1531 3519 1588 3554 so
1609 3508 1808 3556 aussert
1832 3501 1967 3569 (und
1985 3502 2123 3553 nicht
2138 3503 2343 3565 bereits,
2361 3504 2459 3553 wie

1393 3588 1513 3623 man
1539 3589 1604 3622 zu
1629 3580 1871 3622 erwarten
1933 3572 2102 3635 eneigt
2124 3571 2215 3630 ist,
2242 3572 2310 3621 im
2328 3541 2458 3621 ’Pro—

1394 3642 1586 3691 omium
1621 3640 1712 3690 des
1749 3639 1800 3690 1.
1833 3639 1891 3690 Β.
1964 3638 2052 3689 hat
2093 3638 2239 3690 darin
2278 3640 2456 3689 seinen

1394 3707 1590 3772 Grund‚
1615 3707 1730 3758 weil
1755 3715 1859 3758 erst
1880 3708 1973 3757 mit
1996 3707 2189 3757 diesem
2207 3706 2350 3757 Buch
2374 3706 2459 3756 die

1393 3775 1884 3841 Hauptdarstellung
1916 3775 2008 3824 der
2041 3775 2330 3838 eloquentia
2365 3776 2458 3824 be—

1392 3845 1561 3909 giam,
1580 3842 1821 3894 wahrend
1841 3844 1933 3896 das
1952 3841 1997 3894 l.
2010 3842 2069 3894 B.
2093 3857 2189 3894 nur
2205 3842 2305 3893 den
2321 3841 2459 3907 weg

1392 3913 1530 3964 dazu
1553 3912 1729 3963 bahnt.
1935 3979 1948 3993 ⁶

1392 3975 2454 4111 ..33551⁸{'3²¹3⁶2.ss¹‘{2²i2.{.t1.¹2²33:

1393 4116 1557 4166 cullus
1590 4129 1788 4180 nosque
1820 4116 1922 4183 ipsi
1955 4114 2202 4183 postridie
2227 4115 2455 4166 venisse-

1394 4199 1533 4245 mus,
1560 4199 1712 4249 qnam
1737 4185 1878 4252 apud
1903 4183 2136 4236 Catulum
2160 4183 2458 4239 fuissemus.

1459 4255 1510 4305 si
1538 4256 1642 4306 ullo
1673 4256 1822 4308 modo
1863 4261 1964 4307 etc.
2018 4254 2152 4306 deun
2203 4252 2335 4305 auch
2375 4252 2457 4303 die
