2930 4693
484 163 613 226 220
1060 159 1159 222 DE
1189 158 1545 222 ORATORE
1583 159 1638 222 11
1682 160 1786 223 90.
1829 167 2135 221 364—366.

484 330 762 391 virtutem
805 335 867 390 et
907 327 1271 408 diligentiam
1310 328 1576 391 admiror
1616 336 1677 391 et
1713 329 1891 392 simul
1931 329 2160 408 gaudeo
2201 331 2487 392 iudicium
2531 330 2734 393 animi

486 415 607 475 mei
647 412 1054 493 comprobari,
1109 412 1267 494 quod
1309 431 1549 494 semper
1587 416 1764 476 statui
1793 416 2093 476 neminem
2121 416 2448 495 sapientiae
2475 415 2735 477 laudem

364 530 375 559 t
486 506 547 560 et
587 496 958 578 eloquentiae
997 499 1127 559 sine
1166 516 1398 560 summo
1438 499 1635 561 studio
1676 507 1736 560 et
1773 499 1979 560 labore
2019 507 2079 561 et
2119 499 2387 562 doctrina
2430 503 2738 581 consequi

483 601 679 664 posse.
740 583 859 644 Sed
888 591 1088 644 tamen
1118 581 1400 664 quidnam
1430 584 1642 652 estid,
1673 584 1832 665 quod
1862 582 2062 647 dixisti
2090 584 2251 655 sore,
2282 593 2349 646 ut
2375 585 2488 646 tibi
2515 587 2736 664 ignos-

486 685 778 738 ceremus,
809 667 860 728 si
889 686 1345 747 cognossemus,
1398 686 1552 749 quae
1580 677 1640 730 te
1672 687 1846 730 causa
1875 670 1942 730 in
1973 687 2312 731 sermonem
2341 669 2732 750 impulisset?

486 752 650 825 Quae
680 760 771 814 est
799 753 958 813 enim
988 751 1100 813 alia
1130 771 1336 823 causa,
1379 754 1494 813 nisi
1523 752 1680 833 quod
1710 753 1883 815 nobis
1913 763 1973 814 et
1999 754 2213 815 horum
2245 754 2732 816 adulescentium

486 837 680 901 studio
696 884 713 907 ,
744 838 845 917 qui
874 845 933 898 te
963 838 1351 898 attentissime
1381 829 1727 908 audierunt,
1759 856 1986 899 morem
2019 856 2231 917 gerere
2261 838 2532 900 voluisti?

354 938 463 992 364
660 921 813 983 Tum
863 920 1025 992 ille,
1083 922 1389 992 Adimere,
1447 923 1671 1003 inquit,
1725 941 1964 984 omnem
2014 924 2446 985 recusationem
2501 924 2732 986 Crasso

493 1006 676 1076 volui,
730 1024 906 1086 quem
946 1023 1060 1084 ego
1100 1005 1298 1085 paullo
1337 1007 1597 1067 sciebam
1638 1005 1730 1067 vel
1769 1007 2089 1088 pudentius
2129 1006 2221 1069 vel
2263 1009 2505 1070 invitius
2559 1006 2734 1088 (nolo

487 1093 647 1154 enim
678 1089 878 1152 dicere
908 1090 981 1151 de
1013 1098 1131 1151 tam
1174 1092 1338 1153 suavi
1377 1092 1619 1153 bomine
1660 1091 2035 1173 fastidiosius)
2089 1092 2164 1153 ad
2202 1092 2316 1153 hoc
2359 1112 2550 1171 genus
2595 1111 2736 1153 ser-

485 1177 680 1238 monis
710 1173 1014 1236 accedere.
1106 1173 1258 1246 Quid
1301 1178 1459 1236 enim
1501 1178 1723 1256 poterit
1751 1175 1986 1237 dicere?
2074 1175 2457 1239 Consularem
2488 1195 2552 1238 se
2589 1196 2734 1238 esse

485 1260 791 1322 hominem
822 1267 883 1320 et
912 1260 1280 1321 censorium?
1348 1260 1572 1322 Eadem
1604 1268 1803 1322 nostra
1834 1279 2010 1322 causa
2040 1270 2148 1322 est.
2207 1262 2296 1322 An
2327 1269 2586 1323 aetatem
2621 1261 2731 1322 ad·

487 1345 674 1406 seret?
761 1343 1161 1415 Quadriennio
1202 1346 1399 1432 minor
1439 1353 1548 1407 est.
1634 1346 1726 1406 An
1767 1364 1831 1406 se
1861 1346 2008 1407 haec
2037 1347 2305 1407 nescire?
2392 1346 2558 1418 Quae
2606 1365 2728 1425 ego

488 1447 655 1500 sero,
687 1447 839 1510 quae
868 1431 1087 1490 cursim
1118 1429 1377 1510 adripui,
1427 1449 1578 1510 quae
1608 1429 1916 1492 subsicivis
1943 1432 2172 1510 operis,
2213 1438 2280 1491 ut
2309 1433 2503 1502 aiunt,
2544 1432 2669 1491 iste
2695 1450 2732 1492 a

487 1533 703 1597 puero,
735 1533 966 1575 summo
996 1514 1208 1585 studio,
1240 1517 1486 1576 summis
1516 1515 1875 1576 doctoribus,
1935 1515 2094 1576 Nihil
2125 1516 2313 1576 dicam
2348 1515 2422 1575 de
2450 1517 2724 1593 ingenio,

488 1601 586 1661 cui
613 1617 723 1680 par
752 1617 927 1660 nemo
957 1599 1085 1660 suit.
1174 1601 1408 1661 Etenim
1451 1618 1547 1660 me
1578 1599 1874 1661 dicentem
1905 1601 2007 1679 qui
2035 1600 2320 1669 audierit,
2364 1618 2542 1660 nemo
2585 1619 2727 1660 um-

488 1702 666 1766 quam
706 1691 826 1745 tam
868 1686 960 1745 sui
1002 1684 1334 1764 despiciens
1374 1683 1488 1745 fuit
1529 1687 1672 1763 quin
1702 1693 1971 1764 speraret
1999 1692 2102 1745 aut
2129 1683 2340 1746 melius
2369 1691 2470 1744 aut
2500 1684 2722 1745 eodem

487 1769 667 1832 modo
697 1787 762 1830 se
790 1787 966 1849 posse
995 1768 1225 1839 dicere;
1271 1769 1483 1831 Crasso
1513 1769 1748 1830 dicente
1780 1787 1956 1829 nemo
1985 1776 2106 1830 tam
2136 1769 2456 1847 adrogans,
2504 1770 2610 1848 qui
2641 1770 2726 1830 si-

488 1853 709 1915 militer
731 1871 795 1914 se
819 1871 1098 1933 umquam
1123 1853 1417 1915 dicturum
1443 1872 1573 1915 esse
1598 1853 1940 1914 confideret.
1974 1853 2375 1925 Quamobrem
2396 1872 2471 1914 ne
2495 1852 2727 1915 frustra

499 1938 565 1998 hi
592 1936 740 1998 tales
771 1938 880 1997 viri
907 1938 1204 2007 venerint,
1240 1946 1296 1999 te
1325 1936 1671 2019 aliquando,
1704 1939 1942 2008 Crasse,
1975 1938 2298 1999 audiamus
2587 1984 2594 1991 .

322 2018 519 2095 90365
661 2022 813 2083 Tum
856 2019 1020 2081 ille:
1074 2021 1152 2082 Ut
1189 2024 1269 2084 ita
1309 2024 1422 2084 ista
1453 2041 1584 2084 esse
1615 2022 1966 2092 concedam,
2020 2024 2237 2102 inquit,
2278 2023 2524 2089 Antoni,
2565 2041 2726 2102 quae

491 2096 832 2185 sunt‘longe
873 2124 1046 2167 secus
1062 2153 1078 2176 ,
1131 2107 1273 2186 quid
1314 2108 1460 2167 mihi
1489 2114 1555 2170 tu
1580 2107 1819 2168 tandem
1850 2107 2028 2168 hodie
2057 2114 2160 2167 aut
2186 2107 2457 2187 cuiquam
2488 2107 2729 2167 homini

492 2191 650 2273 quod
680 2192 800 2253 dici
827 2191 1015 2271 possit
1043 2189 1385 2272 reliquistii·
1422 2192 1626 2253 Dicam
1656 2194 1815 2252 enim
1845 2210 2011 2262 vere,
2056 2192 2392 2252 amicissimi
2422 2192 2726 2261 homineS,

491 2276 650 2359 quod
681 2278 902 2338 sentio:
937 2276 1127 2356 Saepe
1158 2294 1268 2356 ego
1298 2276 1505 2337 doctos
1535 2277 1806 2338 homines
1832 2311 1919 2325 —-
1948 2277 2088 2357 quid
2119 2276 2251 2338 dico
2282 2276 2491 2357 saepe?
2531 2277 2726 2337 immo

492 2380 966 2441 nonnumquam;
1018 2381 1194 2443 saepe
1225 2363 1382 2423 enim
1414 2363 1517 2443 qui
1544 2364 1739 2444 potui,
1794 2363 1897 2442 qui
1934 2381 2085 2441 puer
2111 2363 2175 2422 in
2203 2361 2400 2423 forum
2429 2363 2725 2432 venerim,

492 2465 686 2527 neque
708 2446 849 2508 inde
871 2465 1150 2526 umquam
1177 2447 1394 2508 diutius
1424 2467 1602 2527 quam
1626 2456 1905 2527 quaestor
1930 2447 2259 2508 abfuerim?
2284 2482 2362 2491 —
2387 2446 2491 2506 sed
2517 2453 2727 2506 tamen

494 2531 716 2602 audivi,
771 2538 837 2592 ut
865 2532 997 2592 heri
1029 2531 1327 2600 dicebam,
1374 2543 1434 2592 et
1461 2533 1707 2593 Athenis
1738 2550 1872 2592 cum
1903 2550 2127 2602 essem,
2161 2531 2533 2593 doctissimos
2561 2532 2728 2591 viros

495 2625 554 2678 et
592 2618 658 2677 in
687 2618 818 2678 Asia
863 2618 1041 2677 istum
1084 2619 1277 2697 ipsum
1309 2617 1615 2697 Scepsium
1645 2616 2077 2685 Metrodorum,
2131 2634 2264 2676 cum
2309 2616 2382 2677 de
2434 2615 2525 2676 his
2574 2615 2730 2694 ipsis

492 2701 675 2763 rebus
717 2701 1060 2782 disputaret.
1148 2702 1352 2781 Neque
1391 2720 1532 2763 vero
1561 2702 1710 2762 mihi
1760 2703 2069 2781 quisquam
2113 2702 2409 2781 copiosius
2438 2718 2727 2779 umquam

494 2788 651 2847 visus
681 2793 771 2846 est
798 2805 990 2865 neque
1016 2785 1285 2848 subtilius
1313 2788 1374 2847 in
1403 2786 1520 2847 hoc
1551 2804 1770 2865 genere
1802 2785 2035 2846 dicendi
2058 2804 2233 2866 quam
2257 2786 2368 2845 iste
2390 2783 2568 2846 hodie
2591 2802 2730 2845 esse

493 2878 778 2932 versatus,
867 2870 1035 2941 Quod
1076 2872 1127 2931 si
1168 2880 1322 2932 esset
1363 2871 1533 2931 aliter
1574 2878 1633 2931 et
1662 2869 1882 2950 aliquid
1923 2868 2332 2948 intellegerem
2362 2869 2435 2930 ab
2464 2869 2731 2929 Antonio

493 2956 1008 3034 praetermissum,
1042 2972 1163 3014 non
1194 2973 1385 3015 essem
1415 2963 1534 3016 tam
1565 2955 1894 3017 inurbanus
1924 2965 1984 3015 et
2012 2972 2199 3035 paene
2227 2955 2608 3024 inhumanuS,
2636 2954 2736 3014 uti

493 3041 557 3100 in
588 3057 658 3100 eo
690 3056 996 3117 gravarer,
1031 3038 1188 3117 quod
1217 3059 1321 3101 vos
1351 3058 1571 3120 cupere
1602 3042 1904 3100 sentirem.

361 3142 468 3198 300
665 3124 819 3186 Tum
843 3119 1229 3195 SULPICIUS,
1258 3126 1349 3186 An
1373 3142 1534 3204 ergo,
1564 3125 1773 3205 inquit,
1806 3123 2022 3184 oblitus
2045 3142 2126 3193 es,
2155 3123 2381 3194 Crasse,
2404 3122 2734 3183 Antonium

563 3370 655 3413 363.
706 3365 958 3418 virtutem,
1013 3361 1246 3426 Euergie.
1325 3362 1562 3412 iudicium
1660 3367 1749 3411 aut
1783 3361 2102 3411 tumultuario
2135 3358 2302 3409 studio
2340 3358 2477 3423 coln,
2513 3368 2571 3408 ut
2594 3358 2734 3409 hanc

493 3432 649 3481 animi
689 3430 811 3487 mei,
867 3430 1037 3479 meine
1079 3430 1562 3480 Herzensiiberzeu·
1660 3430 1891 3494 ignorem
1958 3454 2023 3463 —
2089 3428 2557 3492 interpretationem
2629 3434 2729 3476 etc.

494 3512 655 3564 gung.
681 3523 746 3534 -
770 3497 902 3547 Einl.
928 3499 949 3547 1
975 3494 1005 3563 S
1029 3495 1113 3547 20.
1663 3497 1843 3546 Sonst:
1872 3505 2099 3562 tempora
2127 3495 2381 3556 subsciva‚
2411 3495 2735 3545 Mussestun-

562 3573 655 3615 364.
698 3566 1020 3616 Consularem
1044 3573 1156 3627 ete„
1182 3581 1227 3617 s,
1250 3564 1415 3614 Ein1.1
1437 3562 1468 3631 S
1497 3562 1561 3614 10
1662 3566 1788 3625 den,
1813 3564 1898 3614 die
1921 3577 2039 3612 man
2065 3562 2173 3613 sich
2198 3577 2297 3613 von
2323 3564 2421 3611 den
2449 3562 2730 3626 Berufsge-

492 3632 602 3682 und
627 3630 711 3683 11.
1531 3648 1536 3654 ’
1656 3631 1894 3698 -schaften
1941 3629 2220 3696 gleichsam
2276 3629 2518 3679 abstiehlt
2576 3629 2730 3694 (sub-

560 3698 825 3752 subsicivis
847 3702 1047 3765 operis,
1081 3698 1324 3764 beilauflg
1355 3699 1430 3749 als
1456 3700 1561 3749 Ne·
1664 3698 1847 3762 secat).

492 3766 1012 3833 benbeschiiftigung,
1062 3769 1136 3818 als
1172 3767 1414 3818 Dilettsnt
1459 3764 1559 3832 (im
1728 3766 1811 3826 90,
1836 3775 1930 3818 365.
1964 3782 2112 3830 puer.
2147 3764 2264 3831 vgt.
2284 3764 2417 3815 Einl.
2444 3766 2468 3815 Ι
2491 3762 2523 3832 S
2551 3762 2634 3827 10,
2658 3773 2733 3815 77.

494 3834 782 3901 Gegensatz
815 3850 918 3885 von
953 3836 1166 3886 summis
1213 3832 1558 3900 doctoribus).
1662 3842 1936 3902 quaestor,
1962 3833 2091 3887 Einl.
2119 3835 2140 3883 I
2164 3834 2196 3894 5
2224 3832 2302 3891 10,
2328 3841 2396 3884 84.

497 3902 624 3955 Gen.
649 3901 864 3953 X11125
895 3899 1041 3969 (24),
1065 3912 1108 3953 4.
1157 3904 1371 3954 Etiamsi
1396 3918 1562 3967 opera
1730 3912 1822 3953 366.
1876 3902 2134 3966 Sulpicius
2173 3902 2366 3951 konnte
2405 3901 2490 3950 bei
2530 3899 2733 3950 seinem

493 3970 620 4021 mihi
648 3972 896 4036 princeps
928 3979 980 4020 et
1006 3986 1180 4035 prope
1205 3974 1362 4022 omnis
1392 3971 1441 4020 in
1482 3971 1564 4020 lit·
1663 3970 1886 4020 naheren
1909 3967 2260 4020 Verhiiltnisse
2289 3984 2356 4018 zu
2379 3966 2597 4019 Crassus
2623 3968 2734 4017 sei·

496 4040 616 4087 teris
677 4038 1061 4103 disciplinisque
1107 4037 1310 4088 Graecis
1355 4048 1564 4106 sumpta
1665 4054 1763 4088 nen
1775 4039 1980 4088 Meister
2004 4034 2135 4087 noch
2159 4051 2241 4086 am
2262 4045 2430 4086 ersten
2453 4035 2563 4086 also
2588 4035 2737 4085 erin-

495 4113 601 4166 est,
639 4118 743 4154 uon
775 4119 937 4169 usque
971 4120 1031 4155 eo
1065 4112 1235 4156 tamen
1265 4105 1561 4168 infrequens
1665 4121 1816 4168 nern;
1841 4108 1971 4156 trieb
1996 4104 2086 4155 ihu
2112 4104 2246 4156 doch
2269 4103 2401 4155 auch
2426 4104 2520 4154 das
2546 4104 2733 4169 eigene

495 4185 611 4219 sum
635 4184 816 4221 vocum
828 4173 1138 4236 Latinarum,
1165 4188 1293 4236 quae
1314 4173 1564 4225 subsicivo
1662 4174 1916 4224 Interesse
1939 4174 2093 4226 dazu.
