2930 4693
877 218 977 281 DE
1021 215 1377 281 ORATORE
1419 217 1472 281 11
1514 214 1618 280 68.
1663 224 1784 280 275.
1828 226 1948 280 276.

302 394 392 450 et:

2405 223 2530 290 195

607 472 891 554 quamdiu
922 473 996 535 ad
1027 488 1209 554 aquas
1237 471 1369 542 fuit,
1402 488 1727 552 numquam
1759 480 1850 534 est
1878 474 2204 536 emortuus.

302 559 505 621 Genus
546 559 662 621 hoc
702 557 887 620 levius
928 564 1005 628 et,
1049 565 1117 620 ut
1156 557 1295 629 dixi,
1336 558 1674 619 mimicum:
1718 557 1824 619 sed
1861 557 2045 620 habet
2083 576 2528 641 nonnumquam
2572 564 2658 639 68

304 643 526 724 aliquid
558 645 737 705 etiam
767 644 926 724 apud
968 661 1077 704 nos
1105 642 1250 715 loci,
1298 648 1368 705 ut
1414 641 1511 703 vel
1550 659 1673 704 non
1713 642 1926 705 stultus
1967 645 2137 724 quasi
2175 645 2353 706 stulte
2391 664 2528 707 cum

300 727 427 790 sale
466 728 627 790 dicat
665 727 914 809 aliquid:
955 734 1025 790 ut
1060 727 1189 798 tibi,
1229 728 1467 798 Antoni,
1510 727 1759 798 Mancia,
1806 747 1943 790 cum
1984 729 2247 792 audisset
2283 737 2345 791 te
2387 748 2528 791 cen-

301 831 501 875 sorem
532 832 567 875 a
594 814 670 876 M.
704 814 968 876 Duronio
997 812 1072 874 de
1103 811 1329 874 ambitu
1356 811 1716 892 postulatum
1749 816 1767 845 ‘
1783 812 1958 894 Aliqu

298 905 470 960 tuum
522 899 825 977 negotium
880 916 1059 977 agere
1109 897 1355 960 licebit?

1960 812 2132 884 ando,
2176 815 2386 895 inquit,
2416 815 2529 876 tihi

1441 895 1624 958 Valde
1665 898 1813 959 haec
1864 898 2134 960 ridentur
2186 906 2247 961 et
2285 899 2529 961 hercule
2557 910 2659 967 275

300 985 519 1054 omnia,
566 1001 718 1063 quae
761 1003 795 1044 a
832 982 1225 1065 prudentibus
1265 983 1433 1063 quasi
1472 999 1584 1062 per
1623 981 2149 1045 dissimulationem
2191 1002 2315 1046 non
2353 983 2528 1046 intel·

300 1067 541 1147 legendi
570 1067 939 1130 subabsurde
968 1066 1240 1148 salseque
1280 1068 1577 1129 dicuntur.
1665 1067 1754 1128 Ex
1797 1086 1915 1148 quo
1957 1086 2180 1147 genere
2219 1077 2310 1130 est
2348 1071 2526 1131 etiam

298 1171 423 1214 non
454 1153 640 1215 videri
665 1152 1014 1233 intellegere
1036 1153 1193 1233 quod
1216 1150 1542 1231 intellegas,
1575 1160 1641 1212 ut
1659 1152 1991 1214 Pontidius,
2026 1156 2045 1185 ²
2058 1152 2301 1225 Qualem
2327 1156 2526 1215 existi·

299 1256 444 1309 maS,
489 1240 592 1318 qui
618 1240 681 1299 in
713 1238 1004 1300 adulterio
1046 1237 1588 1318 deprehenditur?
1628 1236 1993 1309 ‘Tardum';
2036 1245 2105 1299 ut
2148 1256 2277 1319 ego,
2321 1241 2427 1320 qui
2463 1241 2528 1299 in

301 1321 537 1385 delectu
563 1321 819 1396 Metello,
852 1343 989 1386 cum
1034 1325 1473 1385 excusationem
1504 1322 1813 1384 oculorum
1855 1341 1890 1383 a
1930 1341 2029 1385 me
2068 1341 2189 1385 non
2230 1326 2529 1405 acciperet

300 1414 362 1468 et
390 1407 662 1470 dixisset·
708 1413 728 1444 ‘
746 1408 837 1469 Tu
876 1410 1058 1485 igitur
1096 1407 1247 1469 nihil
1287 1407 1522 1468 vides‘v
1567 1407 1730 1485 ‘Ego
1770 1425 1930 1479 vero,
1970 1409 2234 1487 inquam,
2278 1428 2312 1470 a
2351 1416 2525 1488 porta
2553 1420 2659 1475 276

298 1490 604 1572 Esquilina
631 1492 802 1554 video
829 1493 1028 1555 villam
1056 1496 1291 1555 tuam*
1236 1539 1251 1561 ‚
1320 1498 1388 1553 ut
1414 1490 1562 1553 illud
1592 1492 1857 1561 Nasicae,
1888 1493 1992 1572 qui
2018 1510 2155 1552 cum
2186 1493 2259 1554 ad
2288 1499 2527 1573 poetam

300 1576 559 1639 Ennium
601 1580 860 1640 venisset
889 1581 1062 1659 eique
1092 1576 1166 1638 ab
1196 1578 1350 1639 ostio
1389 1578 1705 1657 quaerenti
1731 1576 1989 1638 Ennium
2033 1576 2248 1639 ancilla
2286 1578 2531 1641 dixisset

364 1813 441 1847 me
464 1799 579 1849 dius
594 1799 751 1862 fidius
781 1821 851 1835 —·
883 1798 999 1846 eine
1031 1797 1101 1846 im
1135 1796 1362 1848 socialen

296 1864 471 1916 Leben
511 1865 717 1930 hanflge
751 1864 1358 1930 Bekraftigungsformel:

296 1932 368 1982 ita
385 1947 468 1982 me
486 1934 678 1998 Iupiter
693 1933 917 1983 adiuvet.
939 1933 1007 1982 ad
1024 1932 1129 1983 Att.
1142 1933 1216 1983 IX
1237 1932 1317 1996 10,
1338 1941 1364 1983 6

297 2000 393 2051 sed
427 2014 512 2051 me
547 2001 665 2052 dius
695 2001 852 2052 fidius
896 2011 1044 2066 turpe
1078 2001 1226 2052 nobis
1258 2014 1364 2051 non

295 2076 448 2134 puto,
475 2068 540 2119 de
562 2068 689 2133 fuga
711 2069 952 2135 cogitare.
991 2083 1046 2134 p.
1065 2067 1238 2120 Plane.
1262 2069 1314 2132 4,
1337 2077 1365 2120 9

296 2136 371 2199 si,
397 2150 480 2186 me
504 2135 620 2186 dius
642 2136 828 2202 fidius,
867 2137 1044 2186 decem
1068 2136 1165 2186 soli
1191 2145 1365 2188 essent

295 2203 351 2253 in
376 2203 580 2254 civitate
615 2205 711 2253 viri
734 2205 857 2256 boni
892 2212 988 2253 ete.
1037 2205 1164 2255 deus
1186 2207 1346 2270 fidius

303 2264 447 2331 Ζεὺς
487 2270 713 2331 πίστιος
759 2271 917 2337 (nach
950 2272 1043 2324 Th.
1078 2272 1361 2323 Mommsen

298 2341 414 2391 eine
433 2339 802 2392 altlateinische
814 2339 1042 2392 Gottheit
1058 2342 1227 2392 neben
1245 2340 1363 2393 dem

298 2409 622 2459 sabinischen
645 2409 816 2461 Maurs
852 2426 904 2460 ιι.
933 2409 1085 2460 Semo
1121 2408 1360 2473 Sancus).

364 2479 438 2527 ad
457 2492 620 2543 aquas
637 2478 769 2541 fuit,
795 2478 877 2527 ins
901 2476 1011 2528 Bad
1035 2478 1239 2542 gereist,
1266 2491 1358 2526 na-

297 2543 503 2605 tiirlich,
554 2545 689 2595 denn
737 2553 882 2596 sonst
914 2546 1105 2594 konnte
1138 2559 1195 2594 er
1225 2543 1365 2594 nicht

298 2613 367 2662 ad
389 2627 551 2676 aquas
578 2627 709 2671 esse3
734 2612 819 2661 fflr
842 2611 926 2662 die
943 2611 1182 2661 Badekur
1204 2611 1365 2662 selbst

297 2679 497 2731 freilich
534 2680 618 2729 ein
652 2679 773 2730 sehr
808 2679 1170 2745 zweideutiges
1192 2680 1360 2745 Zeug-

298 2749 399 2800 nis.

364 2831 712 2883 numquam—
728 2815 804 2866 als
822 2815 972 2866 kame
991 2815 1083 2867 der
1092 2815 1202 2867 Tod
1216 2813 1364 2866 mehr

301 2885 379 2935 als
406 2882 614 2934 einmal.

364 2950 450 3003 68.
478 2967 573 3004 nos
595 2967 668 3003 so.
690 2958 940 3003 oratores.
966 2954 1060 3012 vel,
1087 2951 1221 3003 ohne
1238 2952 1365 3003 dass

297 3018 520 3072 hernach
547 3021 628 3071 ein
662 3021 879 3072 anderes
920 3021 1002 3071 vel
1042 3021 1197 3087 folgt3
1235 3021 1362 3071 viel-

297 3088 443 3140 mehr
465 3089 592 3139 wird
615 3089 1005 3140 anakolnthisch
1035 3090 1148 3140 eine
1171 3090 1362 3139 andere

295 3157 577 3222 Wendung
600 3156 904 3222 gebrauchtz
946 3156 1111 3207 Valde
1133 3158 1362 3208 ridentur

297 3233 395 3275 etc.
424 3240 489 3275 ex
513 3239 614 3288 quo
637 3239 824 3289 genere
849 3228 1118 3277 estetiam.
1156 3226 1360 3275 Ebenso

297 3293 330 3357 5
354 3290 457 3343 284
478 3295 561 3344 vel
582 3293 738 3359 Appii
760 3319 826 3329 —
848 3293 1017 3358 placet
1038 3295 1205 3344 etima.

365 3367 417 3411 te
438 3375 669 3418 censore,
692 3360 829 3411 Einl.
854 3362 877 3409 Ι
901 3359 934 3421 §
961 3359 1041 3423 11,
1070 3369 1145 3410 124
1166 3360 1221 3409 ff.

363 3428 661 3495 Aliquando
680 3436 774 3477 etc.
795 3426 1064 3478 scheinbar
1080 3429 1360 3494 gutmiitig:

296 3496 469 3548 bisher
501 3495 619 3546 hast
651 3496 722 3546 du
743 3494 826 3546 fur
849 3495 1041 3546 andere
1062 3497 1359 3561 gearbeitet,

293 3565 423 3629 jetzt
451 3564 594 3614 wirst
626 3562 698 3614 du
731 3562 933 3614 endlich
976 3563 1162 3614 einmal
1204 3571 1361 3615 etwas

294 3633 378 3684 ffir
402 3631 520 3682 dich
541 3630 671 3682 thun
694 3632 925 3691 konnen,
972 3630 1204 3697 zugleich
1238 3633 1362 3682 aber

298 3700 416 3751 sehr
462 3700 711 3751 ιιιιιὶὶιίὃε.
779 3698 985 3751 endlich
1039 3700 1237 3750 kommt
1277 3700 1361 3749 die

297 3767 460 3819 Reihe
482 3766 614 3819 auch
637 3768 822 3818 einmal
855 3781 923 3818 an
958 3766 1100 3830 dish,
1135 3767 1257 3818 dass
1290 3767 1361 3818 du

295 3838 441 3970 isa
394 3838 656 3902 eigener
690 3834 854 3887 Sache
886 3835 1140 3887 auftreten
1172 3841 1358 3886 musst.

295 3981 484 4092 ινίἓέἱιι
488 3971 935 4105 ’awfficitgfftblpgss
954 3971 1364 4105 gtgzeliffihitstlvffl

504 4109 517 4121 ⁶
538 4114 633 4158 eto.
653 4132 718 4142 -·
744 4108 980 4158 dasselbe
997 4121 1102 4158 was
1119 4110 1252 4159 oben
1271 4107 1365 4157 mit

298 4176 447 4238 qnasi
471 4175 625 4226 stulte
646 4176 993 4241 ausgedriiclxt
1014 4177 1108 4226 ist:
1143 4178 1221 4227 sie
1244 4174 1361 4226 sind

297 4243 604 4309 prudentes,
653 4242 780 4295 thun
813 4244 937 4295 aber
968 4243 1047 4294 als
1080 4246 1249 4294 waren
1286 4243 1363 4293 sie

1463 1813 1566 1849 non
1603 1795 1971 1862 intellegentes.
2027 1796 2175 1846 Dann
2206 1797 2276 1848 ist
2307 1811 2408 1848 non
2434 1797 2525 1848 int.

1462 1866 1765 1932 Epexegese
1799 1881 1864 1915 zu
1897 1864 2093 1916 dissim.
2129 1867 2236 1915 und
2269 1880 2373 1915 non
2399 1863 2529 1915 nach

1464 1933 1717 1999 Analogie
1750 1933 1840 1984 des
1863 1932 2214 1999 griechischen
2238 1933 2529 2000 Sprachge-

1465 1999 1684 2053 brauchs
1717 2017 1786 2052 zn
1819 2001 2078 2064 erkldren,
2114 2002 2210 2051 wie
2234 2001 2404 2062 Quint.
2428 2002 2528 2053 XII

1463 2068 1516 2134 9,
1543 2079 1568 2119 7
1608 2085 1702 2120 nec
1734 2070 1821 2121 illo
1855 2069 2062 2121 fastidio
2086 2069 2337 2121 laborabit
2360 2078 2530 2121 orator

1464 2154 1568 2189 non
1599 2138 1785 2204 agendi
1819 2152 2002 2188 causas
2027 2138 2267 2188 minores.
2291 2163 2362 2173 -—
2382 2137 2527 2188 Viel—

1346 2242 1360 2263 ,
1462 2204 1616 2256 leicht
1652 2205 1769 2255 sind
1799 2205 1987 2268 jedoch
2024 2205 2106 2255 die
2143 2204 2321 2255 Worte
2355 2205 2439 2255 ein
2472 2206 2530 2255 in

1464 2274 1567 2324 den
1599 2274 1731 2324 Text
1775 2272 1915 2323 nicht
1960 2271 2231 2338 geboriges
2265 2271 2526 2334 Glossem3

1467 2349 1572 2393 erst
1586 2341 1714 2392 wird
1731 2341 2024 2407 derHaupt·
2038 2340 2162 2392 oder
2161 2341 2532 2418 Gattungs-

1464 2409 1714 2475 begriff
1748 2409 2137 2476 vorangestellt.
2161 2405 2373 2471 omnia,
2396 2426 2530 2475 quae

1462 2477 2041 2610 {aguugehgrltasdatl'gr
2047 2479 2212 2595 agal)
2214 2560 2241 2594 e
2253 2477 2528 2596 sddlziucllellre

1465 2614 1562 2664 Art
1602 2613 1693 2662 der
1726 2612 1852 2663 diss,
1900 2612 1995 2663 das
2038 2628 2140 2663 non
2172 2614 2341 2664 videri
2368 2614 2527 2668 intell.

1465 2681 1606 2743 quod
1627 2679 1911 2745 intellegas.
1960 2680 2132 2740 Quint.
2154 2681 2229 2731 VI
2249 2679 2301 2742 3,
2324 2689 2377 2730 85
2407 2682 2528 2732 Plu·

1461 2749 1625 2799 rimus
1668 2755 1840 2798 autem
1883 2748 2020 2798 circa
2062 2748 2437 2799 simulationem
2479 2758 2529 2801 et

1465 2818 1910 2869 dissimulationem
1940 2816 2075 2866 risus
2111 2825 2213 2882 est,
2254 2831 2386 2880 quae
2410 2826 2529 2869 sunt

1465 2885 1632 2935 vicina
1658 2891 1707 2934 et
1728 2898 1891 2951 prope
1915 2885 2117 2950 eadem3
2154 2885 2248 2936 sed
2271 2884 2528 2937 simulatio

1467 2960 1545 3003 est
1567 2959 1755 3003 certam
1781 2952 2075 3019 opinionem
2108 2952 2265 3003 animi
2297 2954 2379 3004 sni
2411 2955 2526 3004 imi·

1464 3022 1644 3081 tantis,
1690 3023 2020 3073 dissimlatio
2055 3023 2227 3073 aliena
2257 3037 2316 3072 se
2342 3039 2530 3087 pamm

1462 3092 1757 3155 intellegere
1775 3092 2030 3156 fingentis.
2067 3090 2140 3141 ib.
2157 3088 2226 3140 86
2250 3096 2301 3138 et
2322 3088 2528 3141 hercule

1462 3159 1632 3209 omnis
1653 3158 1791 3208 salse
1812 3158 2015 3209 dicendi
2038 3158 2168 3209 ratio
2191 3158 2247 3207 in
2271 3171 2332 3207 eo
2353 3167 2460 3222 est,
2471 3167 2529 3208 ιιι

1461 3226 1625 3288 aliter,
1652 3239 1805 3290 qnam
1828 3233 1907 3276 est
1928 3234 2124 3275 rectum
2145 3239 2424 3289 verumque
2449 3227 2527 3277 di·

1463 3303 1622 3345 catur.

1536 3379 1775 3439 Tardum
1800 3382 1924 3427 statt
1946 3377 2036 3427 der
2054 3392 2155 3428 von
2171 3376 2322 3427 Allen
2345 3391 2526 3428 etwar-

1468 3453 1599 3497 teten
1632 3448 1885 3496 Antwort:
1936 3444 2151 3511 impium
2184 3443 2443 3495 hominem
2479 3455 2530 3497 et

1463 3514 1755 3568 scelestum.
1803 3513 1975 3573 Quint.
2000 3513 2072 3562 VI
2094 3510 2144 3576 3,
2173 3521 2225 3562 87
2247 3512 2343 3563 sed
2364 3514 2526 3563 averti

1461 3581 1749 3634 intellectus
1768 3588 1817 3631 et
1834 3579 1979 3630 aliter
1993 3579 2143 3642 solet,
2154 3595 2272 3630 cum
2290 3582 2355 3632 ab
2372 3596 2528 3648 aspe-

1460 3651 1681 3703 rioribus
1704 3650 1770 3700 ad
1794 3648 1988 3698 leniora
2009 3648 2317 3712 deflectitur,
2351 3658 2407 3699 ut
2440 3650 2527 3713 qni

1461 3720 1801 3783 interrogatus
1815 3754 1830 3779 ‚
1855 3716 1982 3780 quid
2003 3717 2214 3767 sentiret
2237 3717 2303 3767 de
2328 3732 2413 3776 eo,
2439 3717 2528 3781 qni

1462 3786 1519 3838 in
1544 3785 1792 3838 adulterio
1818 3784 2170 3850 deprehensus
2205 3791 2368 3847 esset,
2420 3790 2527 3836 tar-

1465 3856 1581 3907 dum
1599 3855 1768 3918 fuisse
1789 3853 2071 3918 respondit.
2461 3885 2466 3892 .

1533 3940 1588 3988 in
1605 3939 1804 3988 delectu
1821 3963 1886 3973 -
1907 3953 2025 3988 zum
2037 3937 2217 3987 Zweek
2236 3937 2328 3988 des
2342 3936 2525 4002 jugur-

1464 4004 1755 4057 thinischen
1777 4005 1975 4071 Kriegs.

1533 4115 1629 4157 276.
1666 4108 1853 4165 vinata,
1888 4108 1921 4169 S
1943 4104 2070 4166 263,
2095 4106 2179 4156 die
2204 4106 2270 4156 ist
2293 4121 2352 4156 so
2375 4105 2522 4172 glan·

1467 4174 1616 4238 zend,
1642 4174 1762 4224 dass
1785 4174 1864 4224 sie
1879 4171 2011 4224 auch
2031 4143 2527 4240 d’erKurzsichtigste

1463 4256 1558 4294 aus
1582 4243 1676 4294 der
1697 4242 1859 4292 Ferne
1882 4241 2041 4293 sehen
2063 4242 2220 4296 kann
