2930 4693
988 176 1087 239 DE
1117 176 1476 240 ORATORE
1504 176 1556 239 11
1586 176 1688 237 22.
1718 182 1807 235 91.
1836 181 1924 235 92.

2448 178 2572 242 127

551 348 844 419 imitetur,
890 356 1068 429 atque
1097 348 1208 418 ita,
1253 354 1351 419 ut,
1388 365 1540 427 quae
1572 348 1829 408 maxime
1853 345 2146 409 excellent
2178 348 2240 407 in
2264 367 2364 419 eo,
2392 367 2570 429 quem

334 434 679 506 imitabitur,
713 453 781 496 ea
812 433 1262 513 diligentissime
1290 438 1706 513 persequatur.
1760 432 1912 494 Tum
1936 433 2180 494 accedat
2207 435 2568 505 exercitatio,

334 538 451 601 qna
478 518 678 590 illum,
720 537 900 600 quem
936 518 1255 597 delegerit,
1284 516 1574 578 imitando
1605 516 1847 596 effingat
1875 525 2052 597 atque
2083 518 2405 598 exprimat,
2448 538 2568 581 non

333 612 401 667 ut
426 604 645 666 multos
680 605 1010 666 imitatores
1051 620 1230 684 saepe
1274 604 1552 681 cognovi,
1599 603 1701 682 qui
1736 609 1837 663 aut
1866 621 1962 673 ea,
2007 621 2158 682 quae
2188 602 2382 664 facilia
2411 611 2565 673 sunt,

333 696 437 752 aut
474 690 654 750 etiam
682 687 811 760 illa,
855 707 1007 769 quae
1045 689 1300 768 insignia
1341 700 1413 749 ao
1457 704 1650 768 paene
1693 688 1929 758 vitiosa,
1976 694 2395 748 consectantur
2434 689 2566 750 imi-

332 773 533 835 tando.
588 773 748 835 Nihil
778 780 870 835 est
897 772 1144 844 facilius,
1176 792 1352 854 quam
1384 774 1666 834 amictum
1695 773 1917 832 imitari
1943 770 2192 833 alieuius
2221 780 2322 834 aut
2351 781 2568 839 statum
2600 788 2665 840 91

333 865 436 920 aut
474 866 720 920 motum.
782 860 846 921 Si
874 876 1017 919 vero
1059 859 1233 919 etiam
1264 858 1457 918 vitiosi
1499 856 1720 936 aliquid
1755 864 1870 927 est,
1914 856 1978 917 id
2017 875 2254 919 sumere
2295 865 2356 918 et
2392 859 2457 919 in
2498 879 2569 921 eo

333 943 710 1005 ambitiosum
740 962 870 1005 esse
900 961 1023 1004 non
1053 961 1333 1022 magnum
1365 949 1484 1012 est,
1518 949 1581 1003 ut
1609 940 1737 1013 ille,
1770 942 1873 1021 qui
1905 959 2064 1002 nuno
2097 943 2306 1014 etiam,
2355 945 2571 1006 amissa

332 1046 506 1100 voee,
550 1028 696 1089 furit
732 1028 795 1089 in
836 1046 904 1089 re
933 1027 1202 1108 publiea,
1245 1027 1473 1097 Fufius,
1518 1045 1734 1087 nervos
1771 1027 1837 1087 in
1867 1026 2120 1101 dicendo
2153 1028 2215 1089 C.
2248 1028 2569 1100 Fimbriae,

331 1132 482 1193 quos
512 1119 708 1174 tamen
737 1111 946 1175 habuit
971 1112 1102 1184 ille,
1145 1130 1269 1174 non
1308 1112 1683 1192 adsequitur,
1727 1112 1850 1172 oris
1878 1113 2229 1192 pravitatem
2271 1120 2332 1173 et
2358 1114 2571 1176 verbo-

332 1216 467 1260 rum
496 1197 868 1259 latitudinem
901 1200 1183 1259 imitatur.
1244 1196 1362 1259 Sed
1392 1204 1593 1257 tamen
1621 1195 1723 1256 ille
1751 1215 1864 1257 nee
1895 1195 2158 1276 deligere
2185 1199 2370 1269 solvit,
2403 1201 2571 1260 ouius

331 1284 704 1364 potissimum
745 1281 953 1349 similis
982 1289 1166 1354 esset,
1221 1289 1281 1343 et
1319 1284 1383 1343 in
1414 1300 1486 1342 eo
1527 1283 1688 1360 ipso,
1743 1299 1922 1361 quem
1963 1279 2295 1360 delegerat,
2349 1284 2571 1345 imitari

333 1369 512 1430 etiam
540 1368 678 1429 vitia
709 1366 920 1437 voluit;
964 1369 1068 1449 qui
1097 1375 1294 1429 autem
1323 1367 1405 1428 ita
1436 1366 1641 1436 faciet,
1674 1372 1740 1426 ut
1768 1371 2033 1446 oportet,
2077 1368 2338 1445 primum
2371 1368 2571 1448 vigilet
2597 1385 2670 1437 92

333 1471 577 1514 necesse
607 1459 698 1513 est
723 1454 789 1513 in
819 1452 1161 1532 deligendo,
1200 1451 1446 1523 deinde,
1478 1469 1656 1532 quem
1685 1449 1987 1530 probavit,
2020 1453 2083 1512 in
2116 1469 2218 1522 eo,
2261 1471 2413 1532 quae
2443 1470 2567 1514 ma-

334 1539 492 1599 xime
523 1535 832 1609 exeellent,
870 1556 940 1599 ea
970 1536 1416 1617 diligentissime
1445 1542 1860 1616 persequatur.

500 1621 652 1694 Quid
696 1624 856 1684 enim
897 1640 1109 1684 causae
1151 1623 1407 1683 censetis
1455 1639 1619 1692 esse,
1674 1639 1784 1682 our
1821 1626 2047 1681 aetates
2087 1620 2409 1682 extulerint
2447 1623 2569 1684 sin-

332 1705 503 1786 gulae
554 1705 786 1786 singula
834 1726 1023 1788 prope
1073 1724 1295 1786 genera
1349 1705 1624 1767 dicendi?
1700 1704 1873 1777 Quod
1921 1723 2042 1766 non
2108 1712 2229 1766 tam
2282 1705 2457 1768 facile
2505 1708 2570 1768 in

332 1794 552 1854 nostris
580 1792 917 1854 oratoribus
945 1810 1267 1874 possumus·
1287 1791 1582 1864 iudicare,
1619 1792 1758 1872 quia
1787 1792 2036 1873 scripta,
2071 1808 2143 1852 ex
2172 1789 2389 1872 quibus
2417 1791 2569 1853 iudi-

332 1962 413 2012 oio
437 1960 571 2012 eirea
593 1960 726 2012 haue
759 1969 962 2028 partem
992 1961 1277 2012 studiorum
1302 1977 1396 2012 ex-

332 2030 607 2080 aminanda
629 2038 751 2080 sunt
775 2029 973 2090 omnia3
998 2028 1237 2094 primum,
1264 2043 1394 2093 quos

330 2098 608 2158 imitemur,
645 2111 763 2147 nam
786 2106 908 2148 sunt
938 2097 1172 2163 plurimi,
1209 2098 1295 2159 qui
1320 2098 1396 2146 si·

331 2166 668 2215 militudinem
693 2166 908 2232 pessimi
941 2175 992 2215 et
1023 2165 1394 2232 corruptissimi

330 2235 726 2299 concupierunt3
752 2241 861 2285 tum
883 2234 938 2284 in
960 2235 1107 2301 ipsis,
1132 2248 1263 2298 qnos
1288 2234 1392 2283 ele·

331 2302 587 2368 gerimus,
624 2303 750 2367 quid
783 2302 851 2353 sit
886 2302 954 2353 ad
986 2301 1125 2367 quod
1159 2315 1254 2354 nos
1279 2300 1395 2352 effi-

331 2370 574 2421 ciendum
597 2384 970 2436 comparemus.

398 2438 615 2504 effingat
650 2446 804 2504 atque
845 2440 1132 2503 emp-inat,
1180 2438 1262 2487 ein
1302 2452 1394 2502 ge-

330 2516 500 2556 treues
512 2507 700 2556 Abbild
717 2507 847 2571 gibt,
874 2507 954 2558 Or.
974 2505 1055 2567 l,3
1078 2506 1126 2555 si
1145 2520 1261 2555 eum
1279 2520 1396 2556 ora-

330 2583 493 2624 torem
517 2588 669 2637 quem
690 2573 896 2636 quaeris
922 2587 1242 2638 expressero.

397 2643 636 2706 ὑιείῃπία,
659 2639 941 2690 auffallend
966 2640 1143 2701 11147‚
1169 2649 1262 2689 182.

399 2717 469 2759 91.
504 2708 631 2758 nihil
662 2715 744 2758 est
771 2708 982 2788 facilius
1018 2716 1113 2757 ete.
1169 2708 1305 2756 ‘Wie
1341 2723 1396 2756 er

328 2779 453 2828 riius
495 2783 571 2825 ert
592 2776 700 2826 und
721 2776 818 2824 wie
843 2791 897 2825 er
919 2790 981 2841 sp
985 2775 1128 2835 nolu,
1156 2776 1251 2825 das
1274 2775 1397 2825 habt

508 2858 558 2892 m
598 2842 855 2909 gliicklieh
896 2843 1096 2908 abgegu
1099 2844 1209 2900 ekt;
1257 2843 1397 2892 Aber

332 2913 445 2964 sein
471 2910 646 2972 Genie,
673 2911 752 2960 ioh
778 2911 949 2961 meine
970 2911 1084 2962 sein
1108 2910 1251 2963 Geist
1275 2909 1396 2961 Sieh

334 2978 472 3030 nicht
518 2978 614 3029 auf
651 2979 742 3029 der
776 2978 1156 3043 Waehtparade
1202 2976 1394 3029 weistl'

336 3046 551 3099 Sehiller
571 3047 843 3098 Wallenst.
867 3046 1031 3112 Lager
1053 3046 1103 3098 6.
1129 3046 1359 3098 Austritt.

397 3131 611 3178 amere,
637 3115 946 3168 Ovid.'rrist.
974 3115 1020 3160 V
1045 3115 1094 3177 l,
1119 3124 1172 3166 69
1195 3115 1320 3175 Quis
1345 3125 1396 3164 te

333 3184 466 3233 mala
475 3198 677 3233 sumere
687 3184 859 3249 cogit?
884 3184 988 3233 Aut
999 3185 1115 3247 quis
1128 3184 1397 3248 deceptum

332 3261 755 3371 poppaea-§mumma
764 3253 1219 3381 ἔξῗξιέιιᾶιειιΐιιῦε
1240 3334 1305 3367 zu
1324 3317 1395 3366 le-

333 3403 452 3439 sen:
491 3387 620 3437 ‘und
657 3387 815 3437 demit
847 3385 1015 3436 noch
1002 3402 1053 3435 ιιι
1074 3383 1399 3437 lacherlieher

334 3456 571 3506 Eitelkeit
592 3469 740 3521 gross
775 3452 939 3505 thunss
990 3469 1032 3505 s.
1058 3454 1110 3504 d.
1145 3453 1261 3503 krit.
1288 3454 1395 3504 An-

332 3523 487 3589 hang.
522 3524 641 3587 Vgl.
650 3522 789 3573 Brut
809 3520 1094 3583 62225119
1116 3521 1398 3571 cavendum

336 3601 444 3656 est,
471 3606 536 3640 ne
560 3591 717 3652 quid
705 3605 757 3639 ιιι
782 3590 983 3656 agendo
1010 3589 1293 3639 dioendove
1314 3588 1394 3639 fa-

333 3661 466 3718 eins,
501 3660 647 3709 euius
674 3659 889 3708 imitatio
913 3656 1156 3707 rideatur.
1204 3655 1288 3709 Or.
1311 3655 1398 3717 51,

334 3737 409 3777 171
434 3727 531 3777 hos
550 3740 667 3776 vero
688 3727 894 3776 minime
917 3721 1140 3790 (laudo),
1167 3725 1255 3788 qui
1271 3722 1400 3773 nihil

331 3793 536 3845 illorum
560 3794 661 3843 nisi
682 3796 863 3845 vitium
886 3800 1195 3855 sequuntur,
1229 3807 1345 3842 enm
1369 3806 1402 3841 a

336 3864 484 3914 bonis
508 3863 678 3912 absint
708 3863 1027 3926 longissime.
1072 3876 1300 3925 maynum
1323 3865 1401 3911 est

334 3931 431 3980 wie
455 3931 526 3980 111
550 3928 637 3993 37,
664 3938 754 3980 151.

402 4000 591 4049 anaissa
626 4013 776 4056 voce,
823 4011 881 4047 so
916 3996 1007 4048 hat
1031 4012 1087 4046 er
1108 3994 1219 4047 sich
1243 3996 1402 4060 ehge-

335 4065 584 4116 sebrieen.
633 4067 752 4126 ille,
778 4063 1026 4115 natiirlieh
1050 4064 1288 4115 Fimbria.

412 4141 609 4198 tamen,
634 4131 765 4183 doch
784 4132 1078 4196 jedenfans,
1103 4130 1135 4199 S
1158 4130 1292 4182 38.1
1315 4129 1400 4195 47,

343 4210 450 4262 2053
473 4200 563 4265 49,
585 4209 689 4262 2ι2;
714 4198 799 4264 61,
823 4209 917 4253 259.
953 4199 1095 4251 Brut.
1119 4197 1204 4263 83,
1229 4208 1325 4250 28⁷.

1566 1961 1833 2012 verboram
1877 1961 2224 2020 latitudinem,
2283 1961 2367 2011 die
2410 1952 2571 2012 breite

1497 2030 1758 2095 Aussprae
1739 2028 1850 2090 119,
1884 1997 2300 2094 πλατειασμός,
2342 2036 2487 2080 vasta
2511 2045 2570 2080 ac

1497 2098 1688 2227 xiulstifa
1733 2098 2006 2147 verborum
2058 2098 2407 2162 pronuntiatio
2425 2134 2443 2162 ,
2500 2096 2570 2148 111

1641 2175 1668 2214 2

1565 2258 1633 2300 92.
1673 2250 1760 2315 qm·
1791 2256 1957 2299 autem
1991 2255 2087 2298 ete.

1501 2317 1598 2369 den
1634 2315 2095 2382 vorausgehenden
2163 2324 2247 2367 atz
2282 2314 2566 2382 angereiht,

1498 2401 1576 2436 wo
1595 2386 1688 2437 wir
1711 2384 1831 2435 eher
1848 2385 1930 2434 die
1948 2384 2340 2451 hypotaktisehe
2353 2386 2571 2451 Fiigung

1500 2455 1594 2505 mit
1640 2451 1917 2503 ‘wibrend’
1963 2452 2182 2503 wfihlen.
2253 2452 2345 2503 Mit
2391 2453 2571 2503 diesen

1499 2520 1903 2572 Sohlussworten
1915 2521 2039 2570 wird
2050 2521 2293 2586 iibrigens
2308 2520 2465 2569 durch
2486 2521 2570 2571 die

1498 2587 2026 2654 Gegeniiberstellung
2081 2587 2173 2636 des
2219 2586 2558 2638 fehlerhaften

2157 2246 2465 2298 arataktiseh
2503 2263 2570 2299 an

1386 2689 1393 2694 -
1500 2654 1617 2720 (sed
1650 2662 1820 2705 tamen
1857 2654 1971 2719 ille)
2012 2654 2118 2704 und
2167 2655 2258 2705 des
2306 2657 2568 2706 normalen

1498 2723 1878 2773 Verhffltnisses
1892 2721 1974 2787 (ut
1993 2720 2238 2788 oportet),
2259 2723 2565 2774 diesesletz-

1499 2802 1606 2841 tere
1647 2789 1806 2841 selbst
1846 2789 2110 2841 noohmals
2155 2789 2567 2854 naehdriicklich‚

1501 2858 1730 2926 zugleich
1746 2874 1837 2908 zur
1846 2857 2208 2923 Ueberleltung
2229 2874 2347 2908 zum
2367 2858 2567 2924 folgen-

1499 2928 1600 2978 den
1618 2925 2054 2992 hervorgehoben.
2079 2927 2267 2991 υἰρίιει,
2289 2933 2374 2977 die
2389 2932 2570 2993 Augen

1499 2996 1678 3122 9ῆῖιὲ5
1680 2994 1864 3045 haben.
1936 2994 2256 3062 Nagelsbaoh
2301 2995 2414 3045 Lat.
2451 2995 2566 3046 Stil.

1502 3064 1535 3128 ς
1704 3072 1748 3114 2.

1566 3148 1660 3198 Die
1703 3162 1882 3213 grosse
1924 3147 2227 3212 Bedeutung
2269 3148 2361 3197 der
2399 3145 2567 3197 Nach-

1500 3215 1727 3281 ahmffng
1752 3215 1887 3278 zeigt
1910 3213 2018 3264 sich
2038 3213 2388 3264 vornehmlieh
2405 3215 2457 3264 in
2477 3214 2569 3264 der

1501 3282 1802 3334 Gesohiehte
1828 3283 1918 3332 der
1940 3281 2133 3346 griech.
2161 3282 2562 3340 Beredsamkeit‚

1500 3354 1670 3403 indem
1706 3365 1871 3415 ganze
1893 3349 2141 3399 Perioden
2183 3350 2238 3415 je
2281 3348 2412 3398 nach
2448 3317 2566 3398 (fem

1499 3416 1927 3484 tonangebeuden
1941 3416 2156 3467 Vorbild
2180 3417 2331 3465 einen
2355 3416 2565 3465 bestim-

1500 3500 1584 3537 ten
1622 3486 1898 3538 Charakter
1930 3484 2022 3533 des
2056 3482 2409 3549 sprachlioben
2436 3485 2569 3534 Aus-

1502 3556 1688 3605 drueks
1713 3569 1777 3602 an
1805 3551 1917 3602 sieh
1940 3559 2134 3617 tragen.
2163 3550 2304 3600 Brut.
2324 3550 2373 3608 7,
2395 3549 2567 3609 26-9,

1503 3632 1573 3674 38.
1612 3624 1732 3673 Tae.
1761 3620 1880 3671 dial.
1907 3620 1970 3669 de
1995 3633 2067 3669 or.
2094 3634 2138 3668 c.
2161 3616 2225 3667 18
2248 3617 2343 3668 hoc
2370 3619 2571 3669 interim

1503 3691 1751 3756 probasse
1799 3696 2066 3737 contentus
2113 3701 2253 3746 sum,
2305 3702 2405 3737 non
2455 3701 2568 3736 esse

1504 3774 1663 3809 unum
1690 3755 2009 3818 eloquentiae
2033 3754 2249 3817 vultum,
2276 3754 2441 3803 sedin
2469 3753 2568 3803 illis

1506 3840 1727 3890 quoque,
1753 3838 1881 3888 quos
1903 3823 2094 3872 voeatis
2112 3824 2366 3883 antiquos,
2394 3822 2568 3887 plures

1505 3894 1702 3975 speeies
1728 3889 2065 3957 deprehendi,
2103 3905 2198 3940 nee
2231 3890 2404 3939 statim
2428 3889 2567 3939 dete-

1506 3964 1610 4012 rius
1636 3976 1752 4011 esse
1777 3959 1912 4020 quod
1938 3959 2195 4008 diversum
2223 3966 2316 4007 est.

1575 4068 1807 4120 aetates,
1855 4074 2046 4109 warum
2088 4059 2146 4122 je
2193 4059 2309 4108 eine
2353 4058 2569 4109 Periode

1507 4145 1605 4247 1¹³3}-
1617 4130 1672 4195 je
1691 4130 1806 4179 eine
1817 4127 2126 4194 Stilgattung
2142 4125 2570 4191 hervorgebracht
