2930 4693
444 219 570 286 238
1057 215 1156 278 DE
1198 214 1556 279 ORATORE
1594 215 1675 278 111
1721 217 1821 278 11.
1860 222 1946 278 40.
1987 222 2077 279 41.

445 385 810 456 litterarum,
860 391 1062 445 tamen
1117 392 1370 463 augetur
1418 381 1689 462 legendis
1735 382 2071 445 oratoribus
2122 391 2185 445 et
2230 386 2439 464 poetis.
2529 384 2694 447 Sunt

448 471 607 531 enim
637 468 723 529 illi
751 475 1002 540 veteres,
1045 469 1149 548 qui
1177 486 1394 530 ornare
1426 468 1690 530 nondum
1734 474 2013 548 poterant
2050 486 2136 539 ea,
2185 487 2337 548 quae
2379 468 2687 539 dicebant,

446 571 655 616 omnes
708 570 898 632 prope
947 551 1255 632 praeclare
1305 552 1516 623 locuti;
1570 571 1824 632 quorum
1876 570 2153 614 sermone
2204 552 2532 614 adsuefacti
2579 555 2691 633 qui

447 645 649 709 erunt,
704 655 780 699 ne
824 639 1131 716 cupientes
1177 636 1415 718 quidem
1470 643 1755 716 poterunt
1795 636 1960 718 loqui
2006 638 2121 698 nisi
2159 637 2389 699 Latine.
2475 637 2689 717 Neque

445 731 646 785 tamen
676 723 792 783 erit
819 720 1107 783 utendum
1137 721 1336 783 verbis
1366 723 1471 792 eis,
1514 720 1729 801 quibus
1756 722 1876 782 iam
1906 721 2271 784 consuetudo
2314 728 2515 783 nostra
2558 739 2687 783 non

443 808 649 879 utitur,
693 806 807 867 nisi
837 804 1074 886 quando
1104 805 1353 867 ornandi
1387 822 1564 867 causa
1588 822 1788 884 parce,
1843 805 2001 886 quod
2028 805 2371 876 ostendam;
2413 805 2520 867 sed
2558 808 2687 868 usi-

445 893 583 954 tatis
611 893 692 952 ita
725 892 945 969 poterit
973 891 1090 961 uti,
1144 888 1480 951 lectissimis
1521 896 1587 950 ut
1614 897 1814 951 utatur
1856 891 1924 961 is,
1977 891 2080 970 qui
2117 892 2182 950 in
2222 889 2523 952 veteribus
2566 892 2690 951 erit

280 975 443 1048 1140
464 977 704 1056 scriptis
732 975 994 1037 studiose
1023 981 1084 1036 et
1110 973 1364 1035 multum
1394 973 1707 1036 volutatus.
1781 975 1988 1055 Atque,
2019 981 2086 1035 ut
2112 973 2321 1035 Latine
2348 973 2684 1054 loquamur,

332 1416 398 1467 41

445 1078 567 1123 non
596 1058 786 1121 solum
816 1057 1130 1119 videndum
1164 1065 1271 1129 est,
1303 1065 1370 1120 ut
1399 1066 1459 1120 et
1487 1057 1667 1119 verba
1696 1058 2014 1120 efferamus
2041 1076 2128 1128 ea,
2161 1075 2313 1137 quae
2344 1075 2520 1119 nemo
2549 1060 2687 1120 iure

443 1142 865 1224 reprehendat,
898 1149 958 1204 et
987 1160 1057 1203 ea
1086 1144 1172 1203 sic
1202 1149 1262 1203 et
1290 1142 1525 1203 casibus
1548 1149 1609 1203 et
1627 1140 1997 1223 temporibus
2019 1152 2080 1203 et
2101 1158 2323 1220 genere
2346 1150 2408 1203 et
2428 1159 2685 1204 numero

446 1245 892 1297 conservemus,
947 1234 1012 1288 ut
1058 1245 1134 1288 ne
1186 1226 1327 1307 quid
1372 1226 1789 1305 perturbatum
1843 1244 1914 1288 ac
1959 1226 2304 1306 discrepans
2353 1234 2457 1287 aut
2504 1244 2684 1306 prae-

446 1319 753 1394 posterum
794 1313 888 1383 sit,
941 1310 1049 1373 sed
1094 1312 1270 1372 etiam
1316 1310 1519 1390 lingua
1560 1318 1621 1373 et
1657 1312 1901 1391 spiritus
1941 1318 2002 1372 et
2030 1312 2190 1372 vocis
2219 1329 2403 1372 sonus
2431 1318 2524 1372 est
2551 1312 2684 1390 ipse

446 1395 865 1460 moderandus
927 1394 1077 1457 Nolo
1108 1396 1365 1474 exprimi
1394 1394 1627 1457 litteras
1657 1394 1934 1475 putidiuS,
1968 1394 2106 1455 nolo
2137 1394 2446 1456 obscurari
2476 1394 2685 1473 negle-

344 1499 352 1530 .-
445 1482 710 1563 gentius3
753 1480 892 1541 nolo
934 1479 1115 1541 verba
1158 1478 1390 1541 exiliter
1433 1481 1765 1541 exanimata
1796 1480 1977 1549 exire,
2025 1478 2164 1540 nolo
2192 1478 2396 1540 inflata
2424 1486 2486 1540 et
2513 1480 2685 1558 quasi

446 1565 721 1628 anhelata
744 1566 999 1644 gravius.
1059 1564 1209 1626 Nam
1241 1563 1315 1624 de
1338 1582 1482 1625 voce
1505 1564 1768 1625 nondum
1795 1581 1863 1624 ea
1887 1562 2039 1634 dico,
2071 1581 2224 1643 quae
2247 1570 2388 1624 sunt
2409 1561 2681 1635 actionis,

443 1651 551 1712 sed
580 1651 712 1721 hoc,
757 1649 914 1730 quod
946 1649 1093 1710 mihi
1122 1667 1257 1710 cum
1287 1666 1565 1709 sermone
1595 1650 1764 1727 quasi
1793 1649 2177 1709 coniunctum
2207 1646 2458 1708 videtur.
2529 1647 2685 1708 Sunt

446 1737 607 1797 enim
636 1742 801 1795 certa
830 1735 984 1804 vitia,
1017 1751 1168 1813 quae
1199 1750 1374 1794 nemo
1406 1740 1498 1794 est
1526 1734 1668 1813 quin
1699 1732 1961 1811 effugere
1991 1732 2217 1811 cupiat:
2250 1730 2446 1793 mollis
2474 1749 2588 1792 vox
2613 1738 2688 1792 ut

445 1919 701 1985 groberen
741 1916 921 1968 Fehler
965 1931 1130 1983 gegen
1175 1917 1257 1967 die
1292 1915 1517 1982 Sprach-
1686 1931 2060 1976 conservemus,
2119 1916 2240 1966 dass
2296 1917 2388 1966 wli·
2441 1915 2535 1965 mit
2579 1915 2684 1965 den

445 1986 751 2051 richtigkeit‚
772 1985 996 2034 sondern
1013 1999 1100 2034 um
1120 1985 1268 2034 einen
1290 1985 1514 2035 reineren
1618 1984 1859 2035 Wortern
1885 1984 1937 2034 in
1962 1984 2176 2035 Absicht
2191 1983 2286 2034 auf
2303 1998 2457 2035 casus
2480 1993 2578 2033 etc.
2595 1984 2685 2034 die

447 2051 887 2121 sprachrichtigen
910 2052 1182 2102 Ausdruck
1204 2050 1430 2103 handelt.
1617 2051 1788 2103 rechte
1801 2051 2154 2102 Construction
2174 2050 2446 2102 einhalten.
2465 2050 2682 2116 Nfigels·

513 2121 729 2172 scientia
775 2121 1083 2177 litterarum,
1131 2117 1517 2169 wissenschaft-
1619 2118 1747 2169 bach
1772 2118 1883 2169 Lat.
1911 2116 2024 2169 Stil.
2052 2116 2084 2185 8
2110 2117 2210 2170 103
2234 2136 2279 2170 c.
2312 2119 2680 2184 perturbatum,

444 2188 579 2240 llche
596 2187 834 2253 Bildnng‚
859 2188 1106 2237 Kenntnis
1131 2188 1220 2238 der
1244 2186 1519 2236 Litteratur
1620 2202 1666 2236 z.
1682 2186 1738 2235 B.
1760 2186 1919 2236 durch
1942 2185 2120 2235 Feliler
2142 2201 2307 2252 gegen
2326 2187 2410 2236 die
2432 2199 2685 2237 consecu-

446 2256 748 2321 flberhaupt.
1616 2253 1689 2303 tio
1709 2260 2020 2319 temporum3
2041 2255 2363 2319 discrepans,
2383 2270 2428 2305 z.
2441 2254 2499 2306 B.
2521 2252 2686 2304 durch

511 2326 790 2390 praeclare
814 2323 993 2385 locuti,
1017 2321 1159 2373 Brut.
1186 2321 1269 2385 74,
1293 2329 1372 2373 258
1404 2335 1515 2375 om·
1620 2320 1802 2372 Fehler
1832 2336 2000 2389 gegen
2033 2322 2117 2374 die
2152 2321 2479 2388 Congu-neum
2525 2336 2687 2387 prae-

448 2408 542 2443 nes
576 2402 684 2442 tum
719 2390 851 2454 fere,
902 2391 989 2455 qui
1031 2405 1126 2440 nec
1162 2399 1307 2440 extra
1342 2391 1519 2441 urbem
1610 2397 1900 2455 posterum,
1947 2407 1992 2442 z.
2018 2389 2077 2440 B.
2110 2389 2269 2440 durch
2307 2390 2486 2441 Fehler
2515 2404 2685 2456 gegen

446 2459 579 2510 hanc
602 2459 861 2521 vixerant,
904 2473 996 2508 nec
1031 2471 1119 2509 eos
1143 2458 1313 2522 aliqua
1336 2459 1519 2509 barba·
1620 2458 1704 2508 die
1727 2457 1959 2508 einfache
1982 2458 2369 2523 Wortstellung.

447 2522 550 2579 ries
577 2527 859 2578 domestica
880 2525 1251 2588 infuscaverat,
1277 2533 1413 2575 recte
1437 2525 1517 2575 lo-
1694 2533 1767 2576 ⁴1.
1864 2527 2075 2589 nitidius,
2125 2525 2447 2587 affectierter,
2526 2526 2561 2588 S
2594 2522 2684 2577 51.

446 2597 733 2660 quebantnr
756 2592 1032 2662 (sprachen
1057 2594 1139 2643 ein
1157 2594 1341 2656 reines,
1364 2600 1518 2659 gutes
1618 2592 1749 2644 Einl.
1776 2594 1798 2643 Ῑ
1880 2593 1962 2657 15,
1990 2601 2083 2644 178.

444 2660 674 2728 Latein).
1685 2662 1895 2712 exiliter
1911 2663 2223 2720 eoeanimata,
2247 2658 2427 2726 ψιλῶς
2446 2650 2685 2712 ἐκπνευ-

515 2745 748 2782 sermone
779 2729 1097 2793 adsuefacti,
1132 2729 1230 2778 wie
1264 2725 1296 2794 8
1325 2727 1394 2779 58
1438 2728 1515 2779 la·
1620 2722 1867 2795 σθέντα,
1919 2730 2089 2780 diinn-
2130 2728 2239 2779 und
2271 2726 2686 2793 schwachatmig‚

446 2799 569 2848 bore
603 2798 801 2848 adsueti
834 2797 944 2846 und
976 2797 1121 2846 Brut.
1146 2794 1237 2857 59,
1273 2804 1351 2846 213
1396 2811 1519 2847 sus·
1620 2797 1689 2844 im
1715 2794 2004 2862 Gegensatz
2032 2811 2131 2846 von
2159 2796 2333 2846 inflata
2358 2806 2409 2845 et
2431 2794 2685 2857 anhelata,

446 2864 605 2930 picot,
632 2889 697 2901 -—
722 2863 957 2914 Curionis
978 2887 1049 2901 —
1070 2864 1234 2929 patrio
1253 2863 1416 2914 fuisse
1433 2864 1517 2913 in-
1618 2862 1952 2914 schnaubend
1976 2864 2083 2915 und
2105 2863 2390 2914 keuchend.

446 2931 625 2982 stitnto
649 2945 779 2996 puro
799 2943 1035 2982 sermone
1057 2929 1407 2981 adsuefactam
1419 2932 1518 2981 do-
1686 2931 1835 2981 Nam.
1874 2932 1942 2982 Es
1965 2932 2034 2982 ist
2056 2931 2167 2981 hier
2191 2931 2439 2981 zunachst
2463 2946 2558 2981 nur
2579 2943 2684 2980 von

447 3013 609 3049 mum.
1618 2998 1709 3048 der
1767 2997 2055 3050 schonen
2103 3000 2268 3049 Auss
2326 2997 2515 3048 tache
2572 2997 2691 3060 (der

514 3066 796 3128 ostendam,
822 3065 855 3127 S
884 3062 997 3115 153.
1034 3065 1331 3126 lectissimis,
1359 3063 1516 3114 nach·
1616 3065 1806 3116 Vocale
1845 3082 1895 3117 u.
1923 3066 2282 3125 Consonanten
2345 3066 2430 3116 die
2453 3065 2594 3115 Rede
2617 3090 2688 3102 —

446 3131 710 3184 drficklich
733 3131 1128 3197 vorangestellt:
1167 3147 1221 3181 er
1243 3132 1404 3182 findet
1431 3134 1515 3183 bei
1621 3134 1725 3183 und
1751 3133 1802 3183 iu
1828 3134 1996 3184 dieser
2019 3132 2317 3196 Beziehung
2349 3134 2418 3183 ist
2441 3134 2522 3184 die
2548 3134 2687 3183 Aus-

446 3200 546 3251 den
584 3200 717 3250 alten
754 3199 842 3250 lat.
871 3199 1108 3249 Dichter-n
1143 3200 1248 3250 und
1273 3201 1516 3251 Rednern
1618 3199 1836 3267 sprache
1891 3202 1943 3251 in
1994 3202 2083 3252 der
2129 3201 2436 3266 Hauptstadt
2505 3197 2690 3264 (Rem)

445 3268 588 3319 nicht
612 3283 706 3318 nur
727 3266 1014 3333 uberhaupt
1033 3268 1116 3318 die
1135 3267 1265 3318 noch
1284 3269 1515 3335 guitigen
1619 3269 1984 3333 normgebend.
2054 3270 2170 3319 Erst
2203 3271 2378 3335 spater
2408 3263 2471 3333 (8
2495 3268 2596 3317 217
2628 3268 2688 3320 ff.

444 3336 777 3398 Ausdriicke,
804 3336 1027 3386 sondern
1054 3335 1286 3400 zugleich
1311 3336 1396 3386 die
1419 3351 1512 3402 ge·
1617 3336 1722 3386 224
1755 3334 1840 3400 ff.)
1885 3337 2011 3387 wird
2052 3351 2189 3386 vom
2234 3334 2687 3386 oratorisehen

442 3404 708 3455 wiltesten
734 3402 1108 3468 (treffendsten,
1134 3402 1512 3471 elegantesten)
1617 3404 1746 3454 Ton
1781 3420 1814 3454 u
1831 3404 1909 3454 nd
1945 3404 2225 3454 Wollaut
2273 3405 2382 3454 der
2423 3403 2457 3454 S
2473 3404 2690 3454 timme

444 3472 577 3522 noch
600 3471 831 3537 giiltigen
857 3471 1175 3521 Ausdriicke.
1615 3470 1889 3537 gehandelt
1910 3471 2131 3521 werden.

515 3537 607 3601 11,
641 3546 708 3589 40.
747 3540 946 3604 Atque,
995 3539 1101 3589 und
1135 3538 1188 3587 in
1220 3536 1516 3604 Beziehung
1685 3554 2069 3597 mamone,
2103 3540 2197 3589 mit
2230 3539 2322 3589 der
2346 3536 2571 3604 Sprache
2594 3536 2691 3589 des

443 3604 662 3656 hieraul’.
1653 3606 2000 3659 ewohnlichen
2042 3607 2241 3658 Lebens
2286 3606 2395 3657 und
2426 3604 2688 3657 Verkebrs

511 3674 809 3739 efferamus,
845 3672 952 3723 lant
974 3674 1179 3723 werden
1205 3673 1330 3723 oder
1353 3671 1515 3724 boren
1616 3622 1831 3741 {nicht
1853 3675 1944 3725 mit
1968 3676 2058 3725 der
2082 3670 2290 3740 oratio).

443 3741 634 3801 lassen,
661 3740 745 3791 Or.
771 3738 865 3800 67,
901 3748 978 3791 223
1025 3742 1118 3791 sed
1153 3754 1285 3804 quae
1309 3741 1513 3791 incisim
1687 3744 1837 3809 quasi
1857 3741 2096 3793 schliesst
2114 3742 2225 3793 sich
2245 3741 2375 3792 noch
2393 3755 2459 3791 an
2479 3740 2572 3792 das
2590 3741 2692 3790 be-

443 3818 532 3859 aut
584 3808 903 3858 membratim
957 3807 1262 3869 efferuntur,
1321 3823 1380 3858 ea
1431 3810 1514 3858 vel
1618 3817 1760 3860 tonte
1783 3824 2017 3860 sermone
2041 3824 2135 3860 an:
2159 3808 2439 3876 gleichsam
2463 3810 2558 3858 wie
2575 3807 2693 3859 sich

440 3874 710 3942 aptissime
741 3874 922 3926 cadere
954 3875 1159 3928 debent.
1208 3875 1275 3926 ad
1299 3875 1415 3926 Her.
1442 3877 1517 3927 IV
1618 3892 1786 3928 sermo
1835 3893 1897 3927 zu
1934 3879 2093 3928 oratio
2126 3876 2348 3938 vet-him,
2403 3891 2461 3927 so
2495 3890 2597 3926 vox
2631 3877 2691 3926 in

443 3944 535 4004 20,
561 3951 613 3993 28
645 3942 879 3993 similiter
912 3943 1102 3993 cadens
1133 3944 1395 3995 exornatio
1420 3959 1512 4011 ap·
1620 3945 1756 3995 dem
1782 3944 1927 4007 Sina,
1952 3945 2006 3994 in
2028 3944 2272 3995 welchem
2295 3945 2387 3994 wir
2406 3944 2574 4007 jetst
2597 3943 2693 3993 ‹la-

442 4010 689 4076 pellatur‚
715 4024 832 4060 cum
854 4010 907 4060 in
933 4010 1111 4061 eadem
1135 4012 1516 4063 constructione
1618 4025 1722 4062 von
1746 4011 1918 4074 reden,
1949 4028 2014 4062 zu
2037 4026 2139 4064 vox
2164 4013 2217 4063 in
2242 4013 2334 4062 der
2356 4011 2689 4076 Bedeutung,

442 4078 716 4128 verborum
749 4078 850 4127 duo
884 4086 972 4128 aut
1003 4078 1152 4145 plura
1185 4089 1305 4129 sunt
1337 4081 1511 4140 verba,
1619 4080 1703 4130 die
1727 4080 1808 4130 bei
1834 4081 1926 4130 der
1949 4082 2084 4132 actio
2108 4081 2159 4130 in
2186 4079 2421 4130 Betracht
2444 4080 2657 4129 kommt.

441 4157 576 4204 quae
598 4144 833 4195 similiter
855 4146 1049 4197 eisdem
1066 4146 1272 4197 casibus
1290 4147 1515 4198 efferun-
1684 4147 1845 4198 mollis
1866 4163 1972 4199 vox
1993 4155 2049 4198 ut
2071 4148 2341 4204 muliebris,
2366 4148 2433 4197 de
2450 4146 2535 4197 off.
2558 4143 2688 4207 135,

446 4214 546 4261 tur.
1618 4223 1694 4265 1²9
1740 4215 1845 4265 Nos
1878 4223 2048 4267 autem
2081 4226 2310 4266 naturam
2334 4228 2611 4279 sequamur
2633 4222 2695 4264 et
