2930 4693
454 225 583 290 268
1021 219 1119 282 DE
1150 218 1509 284 ORATOR-E
1549 219 1630 283 111
1671 220 1773 284 30.
1823 226 2131 284 llo—121.

458 393 653 455 autin
682 392 1017 453 animorum
1048 388 1243 470 aliqua
1271 391 1648 470 permotione
1689 397 1791 453 aut
1832 389 2130 470 gignenda
2160 398 2264 452 aut
2291 389 2554 453 sedanda
2582 389 2695 452 tol-

455 475 702 539 lendave
731 482 1080 537 tractantur.
1153 476 1304 536 Huic
1334 477 1544 554 generi
1571 474 1871 537 subiectae
1900 484 2040 537 sunt
2070 476 2543 547 cohortationes,
2588 474 2696 536 ob-

453 562 838 640 iurgationeS‚
869 558 1327 630 consolationes,
1357 561 1773 622 miserationes
1801 562 2114 640 omnisque
2131 560 2212 622 ad
2243 578 2478 622 omnem
2512 561 2700 622 animi
2729 636 2738 641 ὁ

456 654 686 710 motum
715 653 777 707 et
802 644 1079 726 impulsio
1109 654 1197 715 et,
1230 646 1282 705 si
1309 645 1391 704 ita
1420 662 1521 705 res
1548 644 1734 715 feret,
1767 647 2077 723 mitigatio.

607 730 930 811 Explicatis
951 731 1132 808 igitur
1155 728 1247 790 his
1267 729 1588 808 generibus
1611 747 1680 790 ac
1704 729 1896 791 modis
1911 730 2405 808 disceptationum
2427 730 2700 792 omnium

453 814 603 877 nihil
631 833 775 877 sane
806 814 882 875 ad
910 832 1041 875 rem
1070 815 1358 894 pertinet,
1402 815 1453 874 si
1483 832 1599 895 qua
1626 815 1692 875 in
1720 833 1789 875 re
1820 814 2145 895 discrepuit
2172 813 2245 874 ab
2274 815 2517 877 Antonii
2547 814 2698 875 divi-

451 901 620 962 sione
644 907 846 961 nostra
867 900 1126 980 partitio.
1158 899 1382 960 Eadem
1403 906 1545 961 sunt
1563 898 1832 961 membra
1854 901 1920 959 in
1943 900 2251 980 utriusque
2275 899 2699 980 disputatione,

451 985 559 1047 sed
588 984 787 1065 paullo
816 1002 989 1045 secus
1018 1002 1051 1044 a
1080 1002 1176 1044 me
1208 990 1384 1063 atque
1416 983 1492 1044 ab
1520 982 1623 1043 illo
1653 985 1868 1065 partita
1899 1001 1970 1045 ac
1998 984 2331 1046 distributa.
2403 984 2577 1045 Nunc
2618 983 2700 1044 ad

450 1069 681 1150 reliqua
721 1067 1075 1149 progrediar
1114 1086 1330 1149 meque
1371 1067 1445 1129 ad
1486 1085 1688 1130 meum
1732 1087 1948 1132 munus
1974 1086 2346 1168 pensumque
2375 1066 2697 1130 revocabo.

451 1154 600 1216 Nam
633 1172 707 1214 ex
734 1152 850 1213 illis
878 1153 1055 1223 lociS,
1087 1170 1236 1233 quos
1265 1155 1538 1232 exposuit
1566 1154 1886 1224 Antonius,
1919 1155 2120 1214 omnia
2149 1160 2289 1214 sunt
2315 1153 2391 1214 ad
2422 1171 2698 1233 quaeque

450 1256 673 1318 genera
702 1239 1114 1318 quaestionum
1144 1246 1496 1316 argumenta
1537 1238 1857 1308 sumenda;
1910 1238 2015 1298 sed
2059 1237 2189 1298 aliis
2229 1238 2550 1317 generibus
2591 1236 2700 1298 alii

448 1322 568 1384 loci
598 1324 784 1401 magis
815 1330 991 1383 erunt
1020 1323 1170 1403 apti;
1203 1322 1277 1383 de
1307 1342 1425 1403 quo
1456 1340 1578 1383 non
1607 1330 1730 1384 tam
1760 1325 1897 1403 quia
1926 1322 2172 1401 longum
2204 1330 2310 1393 est,
2344 1341 2519 1403 quam
2552 1323 2700 1403 quia
2757 1372 2762 1377 .

453 1409 868 1488 perspicuum,
902 1407 1022 1468 dici
1050 1404 1200 1469 nihil
1231 1416 1322 1468 est
1350 1425 1615 1469 necesse.

620 1491 1042 1554 Ornatissimae
1070 1499 1211 1553 sunt
1236 1492 1419 1579 igitur
1440 1494 1741 1553 orationes
1765 1509 1888 1562 eae,
1922 1510 2074 1572 quae
2096 1491 2380 1553 latissime
2402 1499 2700 1570 vagantur

457 1586 521 1638 et
559 1595 592 1637 a
636 1578 864 1657 privata
904 1595 974 1639 ac
1014 1575 1300 1656 singulari
1322 1570 1743 1638 controversia
1785 1595 1849 1636 se
1891 1576 1966 1637 ad
2004 1578 2268 1637 universi
2309 1577 2548 1655 generis
2570 1577 2699 1637 vim

454 1661 865 1742 explicandam
895 1661 1212 1723 conferunt
1242 1668 1302 1722 et
1330 1668 1712 1732 convertunt,
1745 1669 1812 1722 ut
1840 1662 1922 1731 ei,
1955 1663 2057 1740 qui
2086 1660 2355 1731 audiant,
2390 1668 2600 1722 natura
2634 1667 2700 1721 et

450 1763 673 1826 genere
706 1753 765 1808 et
792 1747 1067 1808 universa
1097 1764 1164 1806 re
1195 1747 1449 1825 cognita,
1485 1746 1558 1807 de
1588 1745 1837 1825 singulis
1863 1747 1984 1806 reis
2014 1752 2076 1806 et
2103 1744 2452 1806 criminibus
2482 1751 2543 1806 et
2571 1743 2697 1806 liti-

319 1843 417 1897 121
448 1829 561 1892 bus
589 1837 851 1892 statuere
880 1832 1129 1910 possint.
1217 1831 1384 1891 Hanc
1424 1831 1500 1891 ad
1546 1830 2037 1893 consuetudinem
2079 1831 2521 1890 exercitationis
2563 1847 2691 1900 νος,

448 1913 888 1984 adulescenteS‚
944 1922 1033 1975 est
1074 1915 1416 1976 cohortatus
1445 1917 1734 1976 Antonius
1763 1922 1938 1995 atque
1969 1934 2004 1976 a
2032 1916 2277 1976 minutis
2307 1916 2697 1993 angustisque

448 1997 992 2060 concertationibus
1021 1999 1095 2060 ad
1127 2018 1363 2060 omnem
1394 2002 1515 2061 vim
1544 2002 2005 2079 varietatemque
2050 2018 2151 2060 vos
2193 1999 2527 2060 disserendi
2566 2006 2695 2059 tra-

448 2083 754 2145 ducendos
782 2085 1023 2164 putavit.
1085 2082 1282 2155 Quare
1312 2100 1433 2144 non
1467 2092 1557 2145 est
1576 2103 1904 2164 paucorum
1933 2083 2273 2146 libellorum
2302 2084 2419 2144 hoc
2449 2101 2694 2160 munuS‚

446 2177 515 2230 nt
555 2169 639 2239 ei,
696 2170 798 2249 qui
837 2169 1207 2248 scripserunt
1248 2169 1322 2229 de
1354 2169 1593 2229 dicendi
1632 2171 1894 2240 ratione,
1949 2168 2223 2229 arbitrati
2268 2175 2434 2238 sunt,
2492 2186 2694 2248 neque

447 2252 769 2315 Tusculani
797 2259 973 2332 atque
1002 2253 1178 2314 huius
1208 2252 1625 2315 ambulationis
1646 2253 2150 2315 antemeridianae
2179 2260 2283 2315 aut
2308 2260 2551 2314 nostrae
2580 2272 2695 2332 po-

447 2336 810 2400 meridianae
840 2339 1138 2401 sessionis,
1190 2339 1322 2401 Non
1347 2341 1509 2401 enim
1530 2337 1723 2402 solum
1748 2337 2016 2402 acuenda
2044 2337 2219 2400 nobis
2246 2357 2440 2419 neque
2469 2357 2696 2419 procu-

327 741 427 795 119

318 1500 422 1559 120

515 2536 600 2601 30,
628 2547 721 2590 119.
746 2540 810 2590 ab
831 2539 1049 2590 Antonii
1069 2541 1331 2602 divisione,
1360 2542 1406 2590 11
1429 2540 1515 2602 24,

513 2675 648 2726 Nam
674 2702 736 2711 —
759 2676 1029 2738 sumenda,
1068 2690 1126 2725 so
1163 2677 1284 2726 dass
1322 2690 1377 2726 es
1400 2676 1515 2727 also

447 2744 587 2793 einer
624 2743 868 2808 etwaigen
896 2743 1209 2809 Ergiinzung
1243 2744 1367 2794 oder
1390 2744 1514 2794 wei-

447 2817 592 2859 teren
624 2811 937 2875 Erorterung
983 2813 1036 2860 in
1079 2811 1248 2861 dieser
1280 2811 1517 2862 Hinsicht

449 2875 588 2926 nicht
610 2877 809 2929 bedarl'.
870 2894 941 2928 ex
963 2879 1065 2929 illis
1089 2879 1230 2936 locis,
1257 2880 1303 2929 11
1327 2877 1410 2942 34,
1438 2888 1515 2929 146

444 2958 495 2995 a.
516 2944 604 3001 Εἲς
630 2942 714 3002 39,
735 2952 810 2994 163
828 2944 882 2994 ff.
907 2947 1067 3010 magis
1091 2949 1218 3010 apti,
1246 2947 1290 2995 11
1314 2946 1398 3008 41,
1419 2956 1513 2997 175.

491 3020 610 3062 420.
659 3010 1025 3063 Ornatissimae
1057 3017 1240 3075 ἱρέων,
1274 3013 1516 3065 Wieder-

440 3078 788 3144 ankniipi’ung
820 3095 887 3129 an
921 3080 1013 3130 das
1041 3080 1260 3141 Thema,
1297 3081 1392 3131 das
1428 3097 1515 3132 or-

445 3154 565 3197 nate
584 3147 770 3211 dicere,
792 3148 884 3197 das
904 3149 980 3198 als
1000 3146 1204 3198 solches
1222 3149 1411 3213 gerade
1430 3149 1514 3200 die

445 3215 725 3280 Erhebung
773 3229 871 3265 von
922 3216 1039 3265 dem
1089 3216 1377 3266 besondern
1427 3220 1518 3267 be-

445 3283 758 3334 schrainkten
784 3284 1053 3334 Einzell'all
1079 3299 1143 3334 zu
1168 3283 1392 3335 hoheren
1418 3286 1512 3335 all-

442 3352 713 3418 gemeineu
738 3350 972 3402 Gesichts
1011 3353 1207 3402 unkten
1242 3352 1511 3404 erfordert.

443 3418 696 3470 Aehnlich
729 3422 797 3471 ist
831 3420 921 3470 der
992 3422 1279 3485 ebergang:
1310 3420 1396 3472 Or.
1427 3420 1510 3484 14,

441 3495 495 3537 44
512 3487 552 3538 f.
576 3487 788 3538 Noverit
810 3489 966 3553 igitur
989 3486 1072 3537 hic
1096 3489 1302 3553 quidem
1316 3498 1511 3553 orator,

444 3567 598 3617 quem
624 3570 884 3605 summum
910 3571 1026 3606 esse
1052 3557 1314 3619 volume,
1352 3572 1511 3622 argu-

443 3632 732 3672 mentorum
768 3632 818 3672 et
840 3624 1093 3673 rationum
1118 3625 1257 3674 locos
1292 3651 1356 3661 —
1393 3626 1509 3687 qui-

442 3689 542 3740 bus
567 3697 623 3740 ut
645 3691 720 3740 nti
745 3692 910 3755 possit
933 3701 1129 3754 orator,
1159 3707 1259 3743 non
1285 3693 1371 3743 ille
1395 3693 1512 3742 vul-

440 3758 606 3823 garis,
649 3757 743 3809 sed
777 3757 861 3807 hic
893 3760 1179 3822 excellens,
1220 3775 1252 3809 a
1286 3762 1509 3827 propriis

440 3826 677 3890 personis
733 3833 784 3876 et
829 3828 1146 3893 temporibus
1191 3843 1412 3895 semper,
1463 3829 1511 3879 si

439 3902 639 3958 potest,
675 3904 857 3944 avocat
879 3897 1295 3945 controversiam.
1332 3896 1511 3946 Latius

441 3962 581 4010 enim
621 3962 685 4011 de
717 3977 908 4027 genere
941 3977 1096 4026 quam
1132 3964 1197 4013 de
1229 3975 1374 4030 parte
1400 3966 1508 4015 dis·

440 4036 649 4094 ceptare
673 4029 820 4093 licet,
856 4037 916 4081 nt
938 4031 1111 4095 quod
1096 4046 1153 4081 ιιι
1175 4033 1416 4084 universo
1442 4033 1512 4084 sit

441 4096 715 4160 probatum
745 4099 799 4149 id
832 4100 887 4149 in
919 4108 1064 4165 parte
1097 4100 1166 4150 sit
1187 4101 1392 4166 probari
1415 4116 1507 4151 ne·

440 4174 611 4212 cesse.

509 4229 795 4302 conferunt,
824 4239 878 4284 ee
919 4242 1246 4300 convertunt,
1294 4237 1511 4288 wenden

1616 2540 1730 2591 sich
1746 2541 2145 2606 vorzugsweise,
2172 2555 2305 2605 ganz
2329 2556 2382 2590 ιι.
2402 2555 2510 2605 gar,
2535 2539 2568 2608 S
2592 2540 2690 2593 101

1620 2616 1821 2658 exstare
1838 2618 1992 2673 atque
2011 2609 2251 2669 eminere,
2266 2609 2551 2660 besonders
2571 2608 2692 2659 her-

1619 2683 1893 2727 vortreten.
1943 2677 2062 2742 Vgl.
2089 2674 2218 2736 113,
2245 2686 2297 2726 55
2327 2685 2378 2725 et
2401 2677 2694 2728 inscribunt

1619 2750 1670 2793 et
1692 2759 1723 2792 a
1761 2744 1980 2810 pellant,
2009 2743 2428 2795 ausschliesslich
2454 2745 2687 2809 betiteln,

1617 2813 1665 2862 11
1767 2850 1781 2874 ‚
1823 2821 1919 2872 1993
1958 2811 2052 2875 58,
2087 2820 2165 2863 234
2211 2813 2480 2862 extrudam
2515 2822 2567 2862 et
2592 2814 2689 2862 eii—

1619 2881 1775 2942 ciant,
1813 2879 1989 2942 11126,
2019 2889 2123 2936 102ς
2159 2879 2252 2940 45,
2288 2888 2361 2929 177
2402 2881 2687 2931 formamus

1620 2957 1670 2997 et
1693 2947 1966 3013 fingimus3
1990 2955 2215 2998 mutatur
2238 2957 2289 2997 et
2314 2949 2543 2999 vertitur.
2587 2949 2690 3000 Na·

1616 3015 1863 3080 gelsbach
1887 3015 2000 3070 Lat.
2025 3015 2139 3067 Stil.
2165 3017 2198 3078 S
2220 3013 2306 3075 81,
2331 3025 2374 3065 2.

1687 3091 1780 3132 121.
1818 3084 1977 3135 Hane
2001 3092 2125 3146 etc.,
2165 3082 2292 3133 nach
2327 3084 2445 3133 dem
2468 3083 2689 3135 Vorbild

1618 3150 1708 3200 des
1729 3152 2031 3202 Aristoteles
2056 3150 2130 3217 (ΙΙ
2154 3148 2236 3210 36,
2265 3148 2384 3216 152),
2411 3149 2494 3201 Or.
2527 3151 2606 3214 14,
2632 3160 2687 3202 46

1619 3220 1673 3269 in
1696 3219 1793 3268 hac
1817 3217 1919 3283 (sc.
1946 3220 2173 3269 universi
2189 3221 2399 3283 generis
2436 3220 2681 3278 oratione,

1615 3286 1706 3336 der
1729 3279 1924 3352 θέσις)
1959 3287 2258 3337 Aristoteles
2293 3301 2398 3337 non
2423 3288 2491 3337 ad
2516 3286 2686 3353 philo-

1614 3354 1897 3420 sophorum
1921 3369 2113 3405 morem
2137 3355 2358 3404 tenuiter
2374 3355 2681 3416 disserendi,

1612 3422 1709 3473 sed
1732 3422 1800 3471 ad
1824 3423 2022 3487 copiam
2048 3422 2347 3473 rhetorum
2336 3437 2387 3471 m
2412 3431 2683 3488 utramque

1611 3499 1810 3554 partem
1830 3499 1883 3539 ut
1902 3492 2128 3541 ornatius
2150 3498 2198 3539 et
2217 3491 2421 3541 uberius
2440 3490 2541 3540 dici
2560 3506 2681 3556 pos-

1613 3559 1682 3606 sit
1708 3559 1953 3608 exercuit.

1680 3633 1760 3676 est
1781 3627 2080 3677 cohortatus
2099 3626 2370 3684 Antonius,
2398 3626 2549 3685 1127,
2577 3634 2680 3685 118;

1611 3692 1694 3755 31,
1725 3702 1801 3743 134
1827 3694 1909 3753 ff.;
1935 3693 2019 3754 32,
2048 3702 2139 3743 uo.

1678 3762 2057 3879 ἰτέιόιιῑαιὶοπίε,
2094 3764 2140 3813 11
2175 3760 2234 3821 3,
2278 3771 2347 3812 12.
2415 3763 2678 3821 sessionis,

1679 3899 1914 3948 acuenda
1976 3905 2100 3956 etc.‚

1611 3965 1816 4027 Weise,
1842 3965 1981 4015 Brut.
2007 3964 2092 4027 97,
2116 3973 2190 4016 331
2226 3975 2278 4015 tu
2315 3966 2439 4015 illuc
2462 3979 2677 4015 veneras

1610 4041 1764 4095 unus,
1790 4034 1879 4096 qui
1903 4048 2007 4084 non
2029 4034 2255 4099 linguam
2274 4034 2428 4084 modo
2444 4034 2677 4084 acuisses

1611 4101 1977 4151 exercitatione
2010 4101 2240 4160 dicendi,
2289 4099 2383 4151 sed
2427 4108 2477 4151 et
2509 4102 2677 4168 ipsam

1611 4168 1953 4231 eloquentiam
1999 4169 2421 4234 locupletavisses
2467 4169 2676 4236 gravio-

1610 4252 1723 4288 rum
1768 4238 1951 4289 artium
1998 4238 2335 4289 instrumento
2383 4244 2436 4288 et
2479 4237 2677 4289 eisdem

2171 3897 2266 3948 auf
2318 3896 2678 3947 mechanische
