2930 4693
389 444 456 497 33

391 1038 459 1089 34

487 188 612 251 110
1146 180 1244 244 DE
1276 156 2074 265 ORATORE119.33—436.

484 358 610 414 toto
638 353 701 412 in
731 368 952 431 genere
978 351 1215 420 fecerit,
1247 352 1298 411 is
1327 350 1378 409 si
1407 367 1529 410 non
1557 348 1734 429 plane
1762 356 1951 411 artem
1977 396 1992 419 ,
2024 357 2085 410 at
2112 350 2282 430 quasi
2311 357 2498 412 artem
2530 362 2722 431 quan-

488 438 621 498 dam
665 438 974 497 invenerit.
1033 437 1224 515 Atque
1266 434 1517 505 utinam,
1571 440 1637 495 ut
1674 434 1821 495 mihi
1862 433 1962 495 illa
2002 433 2208 495 videor
2249 435 2449 496 videre
2492 437 2554 495 in
2585 436 2722 496 foro

489 529 664 601 atque
694 522 755 581 in
786 522 994 590 causis,
1026 521 1166 580 item
1192 537 1369 587 nunc,
1400 518 1899 598 quemadmodum
1926 537 1996 579 ea
2018 521 2447 599 reperirentur,
2477 538 2722 599 possem

490 605 654 666 vobis
684 606 1008 686 exponere!
1059 638 1130 648 —
1179 602 1298 664 Sed
1327 602 1401 664 de
1433 621 1530 663 me
1562 603 1795 673 videro;
1847 621 2005 664 nunc
2044 603 2159 664 hoc
2198 622 2501 684 propone,
2557 604 2720 684 quod

491 690 636 751 mibi
664 691 965 770 persuasi,
997 688 1261 768 quamvis
1292 705 1389 749 ars
1419 705 1541 748 non
1570 688 1679 765 sit,
1711 694 1912 749 tamen
1945 687 2095 748 nihil
2126 706 2255 749 esse
2284 689 2553 768 perlecto
2583 707 2720 750 ora-

491 782 620 836 tore
649 774 1031 854 praeclariuS.
1072 773 1221 834 Nam
1251 778 1316 833 ut
1345 790 1517 833 usum
1542 771 1779 832 dicendi
1801 774 2087 843 omittam,
2111 774 2300 852 quiin
2322 774 2486 835 omni
2506 779 2721 852 pacata

492 867 551 920 et
588 858 777 921 libera
807 859 1039 919 civitate
1082 856 1451 927 dominatur,
1504 863 1669 918 tanta
1712 855 2029 917 oblectatio
2072 859 2252 918 estin
2280 858 2410 937 ipsa
2440 854 2723 919 facultate

491 943 745 1014 dicendi,
778 949 843 1004 ut
871 940 1020 1004 nihil
1050 941 1358 1016 hominum
1389 947 1490 1002 aut
1519 940 1759 1002 auribus
1789 948 1892 1003 aut
1919 940 2218 1002 mentibus
2248 943 2565 1003 iucundius
2578 961 2720 1021 per-

490 1031 607 1108 cipi
646 1029 848 1109 possit.
919 1027 1033 1099 Qui
1076 1028 1235 1087 enim
1280 1033 1488 1087 cantus
1530 1026 1838 1087 moderata
1880 1027 2148 1087 oratione
2193 1024 2424 1087 dulcior
2464 1028 2722 1088 inveniri

491 1114 722 1192 potest?
774 1111 933 1192 quod
963 1129 1205 1172 carmen
1237 1112 1552 1172 artificiosa
1582 1109 1899 1172 verborum
1931 1110 2311 1173 conclusione
2343 1112 2576 1190 aptius?
2618 1114 2723 1191 qui

492 1203 659 1257 actor
687 1196 997 1267 imitanda,
1042 1213 1219 1276 quam
1248 1202 1449 1257 orator
1479 1194 1855 1274 suscipienda
1884 1197 2132 1257 veritate
2160 1196 2513 1257 iucundior?
2564 1195 2718 1268 Quid

493 1288 688 1342 autem
719 1280 991 1342 subtilius
1021 1299 1197 1361 quam
1229 1281 1478 1342 crebrae
1509 1286 1834 1361 acutaeque
1863 1281 2231 1341 sententiae?
2290 1280 2433 1361 quid
2462 1280 2721 1343 admira-

493 1364 668 1427 bilius
699 1384 874 1446 quam
905 1384 1003 1427 res
1033 1365 1350 1446 splendore
1379 1363 1672 1426 illustrata
1702 1364 2059 1426 verborum?
2111 1363 2252 1445 quid
2282 1364 2518 1446 plenius
2541 1384 2719 1445 quam

372 1470 394 1491 ¹
494 1453 656 1511 omni
686 1468 906 1529 genere
936 1469 1140 1511 rerum
1170 1449 1463 1512 cumulata
1496 1451 1720 1511 oratio?
1778 1450 1982 1530 Neque
2011 1448 2131 1510 ulla
2160 1468 2282 1511 non
2312 1452 2555 1530 propria
2585 1468 2720 1510 ora-

325 1531 462 1602 935

494 1536 637 1596 toris
678 1553 776 1596 res
817 1542 936 1607 est,
989 1554 1140 1615 quae
1182 1534 1421 1616 quidem
1462 1541 1671 1596 ornate
1714 1534 1831 1594 dici
1871 1536 2243 1614 graviterque
2280 1534 2475 1596 debet.
2532 1536 2723 1596 Huius

493 1627 583 1681 est
609 1622 672 1681 in
704 1620 897 1681 dando
929 1619 1176 1682 consilio
1207 1619 1281 1681 de
1310 1621 1584 1681 maximis
1605 1618 1786 1680 rebus
1809 1637 1943 1680 cum
1967 1618 2250 1697 dignitate
2274 1618 2563 1700 explicata
2586 1637 2723 1681 sen-

496 1707 708 1774 tentia;
741 1705 1005 1766 eiusdem
1029 1712 1088 1766 et
1109 1703 1445 1784 languentis
1464 1703 1670 1785 populi
1692 1704 1958 1764 incitatio
1981 1710 2040 1764 et
2063 1703 2334 1764 effrenati
2355 1703 2719 1774 moderatim

495 1790 702 1850 eadem
734 1788 1010 1850 facultate
1041 1795 1100 1850 et
1128 1789 1291 1850 fraus
1322 1789 1628 1850 hominum
1663 1787 1737 1849 ad
1765 1789 2094 1868 perniciem
2120 1795 2179 1848 et
2201 1789 2508 1867 integritas
2531 1789 2605 1849 ad
2627 1808 2720 1850 sa-

494 1875 678 1934 lutem
721 1880 981 1933 vocatur.
1041 1873 1183 1944 Quis
1213 1874 1516 1935 cohortari
1549 1873 1622 1935 ad
1653 1874 1929 1935 virtutem
1961 1872 2295 1945 ardentiuS,
2340 1874 2472 1952 quis
2504 1892 2538 1933 a
2568 1875 2723 1934 vitiis

496 1957 691 2017 acrius
731 1974 1040 2028 recovare,
1095 1958 1226 2037 quis
1254 1959 1591 2038 vituperare
1619 1957 1926 2038 improbos
1956 1959 2252 2037 asperius,
2305 1959 2437 2038 quis
2481 1957 2722 2019 laudare

498 2040 688 2102 bonos
718 2042 1013 2111 ornatiuS‚
1067 2043 1198 2121 quis
1227 2042 1610 2122 cupiditatem
1642 2043 2049 2104 vehementius
2077 2041 2356 2121 frangere
2386 2043 2721 2105 accusando

400 2168 412 2183 .
454 2138 463 2149 ’
496 2127 727 2206 potest?
794 2126 925 2206 quis
954 2144 1291 2188 maerorem
1332 2125 1531 2187 levare
1571 2128 1773 2188 mitius
1816 2125 2213 2188 consolando?
2292 2128 2551 2188 Historia
2581 2147 2723 2189 vero

497 2212 663 2272 testis
712 2218 1049 2291 temporum
1067 2259 1083 2283 ,
1135 2211 1237 2273 lux
1288 2212 1578 2283 veritam,
1632 2213 1749 2273 vita
1799 2212 2155 2282 memoriae,
2211 2214 2490 2291 magistra
2547 2214 2716 2282 vitae,

498 2297 704 2357 nuntia
737 2298 1055 2369 vetustatiS,
1089 2315 1203 2378 qua
1233 2313 1376 2358 voce
1407 2296 1521 2359 alia
1550 2299 1664 2359 nisi
1693 2298 1946 2359 oratoris
1967 2296 2392 2359 immortalitati
2418 2314 2722 2360 commen-

497 2380 709 2443 datur?
739 2381 888 2442 Nam
918 2383 969 2443 si
999 2401 1113 2463 qua
1143 2389 1233 2444 est
1261 2400 1358 2443 ars
1388 2381 1518 2454 alia,
1551 2402 1701 2464 quae
1726 2381 2042 2444 verborum
2066 2391 2168 2445 aut
2186 2382 2599 2445 faciendorum
2623 2393 2725 2445 aut

563 2569 714 2635 quasi
734 2576 897 2619 artem
920 2570 943 2618 Ι
967 2568 1051 2632 23,
1081 2577 1172 2619 109.

562 2647 630 2689 33.
654 2638 1013 2701 reperirentur
1029 2663 1095 2672 ——-
1114 2637 1250 2688 deun
1270 2651 1326 2686 es
1350 2635 1558 2686 handelt

496 2704 604 2753 sich
642 2706 768 2754 eben
807 2705 875 2752 im
909 2705 1202 2769 Folgenden
1239 2719 1325 2754 um
1360 2705 1443 2754 die
1477 2705 1558 2753 in—

497 2772 683 2821 ventio.
731 2771 842 2822 Sed
874 2773 938 2822 de
961 2788 1036 2823 me
1060 2774 1254 2831 videro,
1291 2772 1441 2821 Form
1467 2771 1559 2820 der

500 2838 775 2891 revocatio.
802 2876 809 2880 -
831 2837 1049 2903 Seyffert
1083 2838 1241 2891 schol.
1267 2839 1353 2888 lat.
1389 2854 1443 2904 p.
1470 2839 1555 2901 77,

494 2905 579 2956 ich
602 2905 771 2955 werde
795 2905 1084 2956 zuzusehen
1109 2906 1305 2971 haben,
1339 2908 1437 2956 wie
1474 2906 1557 2956 ich

494 2973 645 3091 fegtig
688 2972 882 3035 werde,
924 2972 956 3039 S
989 2972 1109 3027 351.
1157 3001 1221 3011 --
1271 2975 1559 3025 dominatur

498 3044 520 3091 1
580 3079 595 3104 ‚
619 3049 689 3095 30.

562 3117 630 3160 34.
666 3109 934 3159 moderata
980 3134 1045 3144 —
1091 3123 1170 3158 wo
1226 3108 1562 3160 oratorischer

496 3175 782 3242 Rhythmus
813 3192 866 3226 u.
904 3177 995 3228 der
1016 3176 1245 3227 Wollaut
1286 3179 1562 3228 concinnet

498 3243 833 3310 Satzbildung
856 3243 1102 3308 herrscht‚
1131 3244 1215 3296 Or.
1233 3244 1319 3309 53,
1346 3254 1448 3306 1783
1475 3245 1559 3308 54,

497 3322 574 3364 182
597 3313 947 3364 moderatione
971 3313 1282 3379 absolutum,
1309 3315 1329 3362 1
1353 3311 1438 3374 60,
1462 3322 1558 3364 254.

498 3384 567 3433 ΙΙΙ
589 3379 674 3441 48,
703 3389 776 3431 184
800 3390 857 3431 ut
891 3408 955 3417 —
991 3382 1089 3432 sibi
1112 3381 1227 3447 ipsa
1250 3382 1559 3432 moderetur.

565 3453 737 3516 aptius
777 3475 848 3487 —-
891 3447 1240 3515 ‘wolgesiigter
1275 3466 1327 3502 u.
1368 3448 1556 3515 festge·

497 3516 836 3568 seblossener’
862 3517 1011 3568 Brut.
1041 3516 1119 3580 17,
1148 3525 1214 3567 68.
1243 3516 1324 3571 Or.
1345 3518 1431 3581 44,
1451 3526 1557 3576 149;

497 3583 590 3646 70,
624 3593 701 3634 233
740 3585 954 3635 videsne
987 3595 1044 3635 ut
1079 3585 1258 3636 ordine
1291 3587 1559 3637 verborum

496 3651 783 3718 paullulum
815 3660 1122 3703 commutato
1149 3679 1213 3689 —-
1239 3654 1307 3704 ad
1342 3652 1557 3704 nihilum

497 3721 667 3771 omnia
689 3719 930 3782 recidant,
957 3735 1072 3770 cum
1095 3722 1199 3771 sint
1217 3736 1282 3770 ex
1299 3723 1434 3787 aptis
1454 3722 1559 3771 dis-

498 3788 692 3847 soluta;
729 3793 819 3838 aut
845 3788 891 3838 si
915 3813 978 3823 —
1005 3789 1309 3855 dissipatam
1333 3790 1556 3851 aliquam

499 3856 804 3906 sententiam
836 3880 908 3892 —-
949 3857 1001 3906 in
1037 3857 1286 3919 quadrum
1332 3858 1555 3922 redigaS,

497 3923 747 3973 efficiatur
802 3930 981 3990 aptum
1032 3925 1161 3975 illud
1218 3924 1354 3987 quod
1404 3925 1557 3974 fuerit

493 3999 645 4040 antea
668 3991 907 4042 diffluens
940 4006 1000 4041 ac
1023 3993 1263 4043 solutum.
1292 4020 1355 4029 —-
1378 3993 1563 4044 verbo-

491 4073 604 4106 rum
635 4061 984 4122 conclusione,
1030 4060 1108 4111 als
1155 4061 1268 4110 eine
1305 4062 1553 4126 kunstge·

488 4121 663 4172 rechte
679 4125 908 4187 Periode,
937 4127 1008 4177 ΙΙΙ
1031 4127 1115 4189 44,
1145 4136 1219 4178 174
1243 4126 1353 4194 (Or.
1375 4128 1460 4188 53,
1481 4136 1557 4178 178

489 4189 546 4238 ἱιι
570 4190 796 4240 oratione
828 4193 1245 4244 animadversum
1293 4203 1402 4259 est,
1438 4210 1554 4245 esse

1660 2568 1909 2631 quosdam
1938 2575 2104 2618 certos
2132 2556 2312 2618 cursus
2340 2569 2724 2621 conclusiones·

1665 2650 1764 2698 que
1791 2635 2083 2699 verborum)
2108 2635 2248 2689 Brut.
2272 2634 2322 2698 8,
2348 2646 2418 2687 33.

1725 2702 1774 2765 9,
1801 2712 1870 2756 35.
1906 2705 2077 2755 Huius
2102 2713 2197 2755 etc.
2221 2707 2240 2753 1
2265 2702 2314 2765 8,
2336 2713 2384 2755 31
2406 2704 2459 2754 ff.
2478 2706 2532 2755 in
2550 2707 2722 2757 dando

1659 2772 1889 2831 consilio,
1926 2773 1997 2820 im
2029 2786 2195 2837 genus
2245 2772 2631 2822 deliberativum
2672 2791 2723 2824 u.

1662 2854 1796 2888 zwar
1819 2839 1888 2888 im
1913 2838 2071 2890 Senat
2095 2836 2155 2904 (S
2173 2837 2275 2891 333
2294 2838 2399 2904 fit).
2437 2843 2726 2906 languentia

1654 2908 1859 2971 populi,
1897 2906 2030 2957 auch
2063 2908 2133 2956 im
2157 2922 2274 2972 gen.
2302 2907 2485 2967 delib.,
2521 2909 2644 2958 aber
2669 2910 2722 2958 in

1664 2979 1755 3025 der
1778 2976 1965 3026 contio.
1996 2976 2151 3038 fraus
2176 2983 2269 3025 etc.
2303 2976 2374 3024 im
2398 2990 2562 3040 genus
2588 2977 2724 3027 iudi-

1660 3042 1803 3093 ciale.
1839 3048 2133 3109 vituperare
2156 3060 2209 3093 u.
2233 3045 2448 3094 laudare
2471 3044 2540 3093 im
2559 3058 2724 3108 genus

1662 3110 2133 3162 demonstrativum.
2144 3110 2325 3176 Einige
2337 3109 2595 3161 Rhetoren
2608 3111 2726 3177 rug-

1661 3187 1747 3228 ten
1772 3178 1900 3228 auch
1937 3178 2067 3228 noch
2104 3180 2197 3228 das
2234 3192 2399 3243 genus
2432 3180 2725 3231 Metort‘ewn

1661 3245 1818 3296 hinzu
1835 3283 1849 3304 .
1887 3247 1979 3296 das
2007 3247 2113 3297 Cic.
2139 3244 2250 3325 (Or.
2278 3246 2364 3310 11,
2387 3254 2439 3297 37
2450 3263 2465 3307 ;
2501 3244 2596 3307 61,
2621 3246 2724 3309 207)

1663 3329 1779 3365 zum
1821 3307 2206 3367 ἐπιδεικτικον
2248 3313 2471 3364 reehnet.
2532 3314 2601 3365 So
2646 3331 2727 3365 er-

1663 3383 1796 3434 klart
1835 3381 1997 3441 siche,
2045 3397 2238 3433 warum
2280 3382 2536 3434 Antonius
2587 3381 2718 3434 fort·

1661 3450 1822 3501 fahrt:
1850 3451 2067 3501 historia
2092 3466 2210 3501 vero
2237 3457 2336 3500 ete.

1729 3527 1796 3569 36.
1833 3520 1938 3570 vita
1958 3520 2227 3569 memoriae
2250 3518 2378 3568 wird
2401 3517 2485 3568 die
2502 3517 2727 3568 Histoi-ie

1660 3600 1900 3651 genannt,
1929 3587 2040 3636 weil
2059 3586 2218 3637 durch
2236 3587 2311 3637 sie
2330 3585 2424 3636 das
2439 3586 2726 3636 Andenken

1660 3669 1725 3704 an
1760 3655 1843 3705 die
1877 3669 2234 3720 vergangenen
2276 3654 2449 3703 Zeiten
2484 3652 2728 3719 lebendig

1661 3721 1886 3772 erlialten
1904 3723 2049 3783 wird,
2075 3722 2230 3781 deun,
2253 3723 2351 3772 wie
2371 3736 2425 3772 es
2444 3720 2573 3771 Phil.
2593 3721 2668 3770 IX
2693 3722 2727 3772 5

1659 3789 1843 3851 heisst‚
1894 3790 1996 3839 vita
2039 3798 2351 3841 mortuorum
2395 3789 2449 3839 in
2482 3789 2727 3838 memoria

1660 3860 1889 3908 vivorum
1920 3866 1998 3907 est
2030 3859 2228 3922 posita3
2267 3858 2351 3907 die
2380 3857 2725 3908 Vermittlerin

1659 3927 1749 3975 der
1771 3925 2188 3990 Vergangenheit
2224 3926 2309 3976 fiir
2341 3923 2424 3976 die
2447 3924 2724 3975 Lebenden
2766 3973 2772 3979 ,

1657 3995 1781 4044 aber
1805 3993 1871 4042 ist
1895 3994 1977 4043 die
2003 3992 2333 4054 Geschiehte,
2378 3991 2513 4043 ohne
2548 3992 2630 4041 die
2667 4007 2723 4042 es

1657 4076 1752 4125 gar
1776 4060 1895 4110 bald
1906 4061 2065 4111 'keine
2092 4061 2334 4111 memoria
2367 4060 2511 4109 mehr
2533 4061 2687 4124 gabe.

1725 4128 1857 4177 Nam
1878 4129 1926 4178 si
1950 4138 2046 4181 etc.
2084 4129 2339 4178 Antonius
2365 4126 2486 4193 geht
2514 4142 2610 4176 von
2633 4128 2725 4177 der

1657 4194 1927 4260 specifisch
1998 4194 2343 4246 oratorischen
2409 4194 2721 4260 Thatigkeit,
