2930 4693
459 254 543 318 90
1084 245 1181 308 DE
1211 243 1567 315 ORATORE
1596 244 1622 306 1
1653 243 1752 306 59.
1787 246 1905 303 250.
1935 250 2057 303 251.

462 417 877 500 imperandum
916 415 1112 478 villico
1144 416 1259 488 es't,
1303 416 1570 495 Magonis
1599 414 2111 494 Karthaginiensis
2152 419 2290 474 sunt
2319 411 2457 473 libri
2487 410 2688 491 perdi-

464 506 700 575 scendi,
733 522 807 564 an
836 504 949 564 hac
973 502 1275 564 communi
1303 500 1706 580 intellegentia
1737 501 2000 561 contenti
2031 516 2159 560 esse
2189 498 2539 578 possumus?
2568 496 2690 558 Cur

464 608 607 669 ergo
638 608 759 651 non
790 588 983 650 eidem
1014 589 1074 648 in
1103 589 1232 648 iure
1265 585 1434 656 civili,
1469 587 1818 665 praesertim
1847 602 1980 645 cum
2010 585 2072 645 in
2104 584 2295 645 causis
2327 590 2386 643 et
2413 584 2474 643 in
2506 598 2689 660 nego-

460 677 560 737 tiis
611 680 670 735 et
717 676 779 735 in
812 674 943 734 soro
991 680 1399 742 conteramur,
1451 672 1591 732 satis
1630 671 1906 731 instructi
1947 687 2075 730 esse
2115 686 2428 748 possumus
2469 666 2544 727 ad
2575 666 2689 726 hoc

464 760 794 830 dumtaxat,
827 777 904 819 ne
933 760 994 819 in
1028 764 1230 818 nostra
1260 757 1451 835 patria
1483 757 1787 835 peregrini
1831 762 2006 834 atque
2037 753 2296 815 advenae
2328 770 2460 813 esse
2492 750 2690 812 videa-

334 857 437 910 250
465 846 635 906 mur?
679 845 761 905 Ac
792 845 842 904 si
870 845 989 904 iam
1020 844 1096 903 sit
1125 859 1299 902 causa
1342 840 1535 921 aliqua
1578 840 1651 902 ad
1694 858 1803 901 nos
1835 838 2026 900 delata
2055 838 2395 908 obscurior,
2430 835 2690 905 difficile,

467 929 675 1001 credo,
709 930 810 999 sit,
846 945 981 988 cum
1010 927 1125 987 hoc
1139 925 1414 987 Scaevola
1438 927 1909 996 communicare;
1943 940 2298 1003 quamquam
2327 923 2442 1001 ipsi
2471 923 2689 991 omnia,

465 1031 717 1095 quorum
749 1014 1051 1091 negotium
1084 1020 1200 1083 est,
1247 1010 1514 1072 consulta
1558 1010 1631 1070 ad
1660 1028 1770 1071 nos
1814 1017 1874 1070 et
1903 1010 2188 1089 exquisita
2220 1007 2515 1068 deserunt.
2603 1006 2693 1067 An

462 1118 633 1169 vero,
668 1100 718 1159 si
748 1097 821 1158 de
852 1116 917 1159 re
947 1099 1093 1177 ipsa,
1128 1098 1178 1157 si
1208 1095 1282 1156 de
1311 1095 1546 1168 finibuS,
1580 1113 1716 1156 cum
1745 1097 1807 1155 in
1838 1112 1967 1155 rem
1997 1102 2373 1174 praesentem
2403 1092 2691 1161 venimuS,

466 1186 518 1245 si
547 1183 621 1243 de
647 1181 866 1243 tabulis
898 1190 956 1243 et
985 1180 1518 1261 perscriptionibus
1561 1180 1963 1241 controversia
2004 1186 2121 1249 est,
2167 1184 2468 1238 contortas
2509 1194 2609 1237 res
2639 1184 2698 1236 et

466 1286 644 1349 saepe
676 1266 943 1328 difficiles
985 1268 1320 1328 necessario
1353 1264 1772 1346 perdiscimus:
1818 1266 1869 1325 si
1898 1263 2060 1342 leges
2092 1262 2264 1324 nobis
2294 1269 2393 1323 aut
2424 1263 2474 1322 si
2503 1262 2694 1322 homi-

466 1371 610 1413 num
639 1354 966 1432 peritorum
997 1370 1282 1431 responsa
1314 1350 1727 1429 cognoscenda
1759 1356 1924 1420 sunt,
1967 1366 2242 1417 veremur
2277 1365 2352 1407 ne
2384 1365 2481 1417 ea,
2528 1347 2579 1407 si
2621 1345 2694 1406 ab

467 1437 866 1499 adulescentia
905 1439 1024 1498 iuri
1067 1435 1222 1497 civili
1263 1437 1460 1496 minus
1491 1434 1920 1505 studuerimuS,
1965 1451 2086 1494 non
2127 1450 2412 1513 queamus
2443 1448 2693 1510 cognos-

466 1523 639 1585 cere?

337 1604 420 1679 59
633 1607 871 1670 Nihilne
894 1609 1075 1686 igitur
1099 1606 1343 1686 prodest
1366 1608 1592 1667 oratori
1612 1607 1761 1667 iuris
1784 1604 1967 1665 civilis
1997 1603 2280 1665 scientia?
2311 1603 2443 1664 Non
2454 1619 2698 1681 possum

466 1711 685 1772 negare
715 1692 1000 1772 prodesse
1030 1691 1212 1754 ullam
1254 1693 1590 1763 scientiam,
1638 1691 1692 1751 ei
1731 1691 2112 1770 praesertim,
2159 1689 2326 1749 cuius
2358 1686 2696 1767 eloquentia

467 1781 636 1859 copia
666 1796 871 1839 rerum
901 1776 1118 1837 debeat
1159 1795 1288 1837 esse
1331 1784 1568 1846 ornata;
1614 1774 1717 1836 sed
1759 1774 1940 1836 multa
1984 1780 2044 1834 et
2083 1791 2296 1852 magna
2343 1781 2403 1833 et
2431 1770 2696 1832 difficilia

468 1870 604 1923 sunt
636 1880 734 1933 ea,
768 1880 918 1942 quae
949 1869 1087 1923 sunt
1116 1863 1338 1923 oratori
1369 1863 1734 1930 necessaria,
1781 1867 1846 1920 ut
1886 1860 2012 1920 eius
2054 1858 2405 1919 industriam
2435 1858 2495 1917 in
2527 1854 2699 1935 plura

326 1958 424 2010 251
473 1946 664 2008 studia
698 1946 1029 2007 distrahere
1061 1946 1263 2007 nolim.
1340 1946 1484 2018 Quis
1525 1952 1703 2025 neget
1732 1963 1881 2025 opus
1912 1962 2042 2005 esse
2072 1945 2295 2005 oratori
2324 1944 2388 2003 in
2417 1942 2531 2003 hoc
2563 1959 2698 2002 ora-

471 2034 626 2093 torio
668 2038 834 2092 motu
875 2037 1146 2111 statuque
1177 2031 1377 2091 Roscii
1419 2038 1650 2109 gestum
1694 2037 1753 2090 et
1795 2028 2196 2090 venustatem?
2266 2028 2491 2089 Tamen
2521 2044 2699 2087 nemo

470 2117 722 2178 suaserit
757 2115 1034 2178 studiosis
1067 2114 1302 2176 dicendi
1334 2114 1811 2177 adulescentibus
1851 2116 1911 2174 in
1943 2121 2113 2193 gestu
2143 2112 2424 2173 discendo
2460 2112 2700 2173 histrio·

468 2219 612 2263 num
637 2220 805 2263 more
832 2200 1158 2262 elaborare.
1205 2199 1359 2271 Quid
1390 2209 1480 2262 est
1511 2202 1731 2262 oratori
1761 2206 1882 2260 tam
1912 2200 2314 2260 necessarium
2344 2216 2521 2277 quam
2549 2198 2700 2258 vox?

469 2286 695 2348 Tamen
725 2305 822 2346 me
853 2294 1096 2348 auctore
1125 2302 1302 2346 nemo
1346 2284 1583 2346 dicendi
1630 2284 1928 2346 studiosus
1959 2284 2323 2345 Graecorum
2367 2300 2535 2344 more
2576 2290 2700 2342 tra-

1710 2508 1775 2556 de
1808 2505 1990 2556 tabulis
2024 2474 2076 2556 et
2106 2504 2585 2570 perscriptionibus,
2621 2519 2701 2556 wo

1642 2588 1699 2624 88
1733 2572 1841 2623 sich
1878 2589 1964 2624 um
1994 2570 2302 2637 Richtigkeit
2336 2574 2458 2623 oder
2489 2571 2703 2623 Unrich-

1640 2642 1821 2707 tigkeit
1865 2641 1937 2691 oft
1970 2640 2089 2691 sehr
2134 2641 2501 2707 complicierter
2532 2639 2701 2690 Rech-

539 2508 725 2569 eidem,
751 2506 916 2557 Bake:
943 2508 1083 2557 item.

537 2576 831 2637 dumtaxat,
877 2576 922 2625 11
961 2574 1047 2635 14,
1083 2583 1159 2639 60;
1194 2572 1287 2638 20,
1324 2583 1402 2635 87;
1448 2572 1539 2639 27,

470 2651 561 2694 119.
588 2642 775 2706 11137,
795 2651 893 2702 1483
919 2643 1013 2707 47,
1039 2651 1131 2694 182.

535 2720 631 2762 250.
675 2713 801 2775 ipsi,
836 2726 939 2761 von
976 2711 1153 2762 selbst.
1213 2711 1285 2761 III
1319 2709 1410 2770 47,
1444 2718 1537 2761 182.

471 2781 535 2830 de
557 2793 617 2895 ge
640 2780 758 2844 ipsa
781 2807 846 2817 -—
880 2780 952 2829 im
976 2780 1263 2845 Gegensatz
1289 2795 1353 2829 zu
1377 2778 1541 2845 leges.

539 2916 592 2963 in
613 2929 720 2963 rem
741 2920 1079 2979 praesentem,
1103 2915 1201 2979 eig.
1228 2913 1539 2965 zurBesieh-

471 2983 657 3047 tigung
679 2996 742 3031 an
756 2981 843 3031 Ort
858 2983 965 3032 und
979 2981 1253 3042 Stelle,um
1278 2983 1359 3031 die
1384 2983 1535 3032 strei-

471 3051 576 3115 tige
587 3049 931 3114 Besitzungin
945 3048 1307 3113 Augenschein
1329 3066 1393 3099 zu
1413 3049 1537 3099 neh-

471 3132 617 3177 meu,
653 3118 721 3166 ist
755 3132 854 3182 eng
887 3116 977 3166 mit
1012 3117 1076 3167 de
1099 3116 1287 3168 finibus
1324 3134 1386 3167 zu
1422 3118 1538 3167 dem

473 3185 621 3235 einen
649 3184 978 3249 juristischen
1030 3185 1277 3235 terminus
1315 3201 1380 3235 zu
1421 3200 1536 3235 ver·

471 3254 688 3304 binden=
717 3253 809 3303 ‘wo
824 3268 878 3303 es
904 3251 1012 3304 sich
1029 3269 1118 3304 um
1143 3254 1225 3303 die
1249 3268 1306 3303 so
1329 3252 1541 3304 schwie-

469 3322 618 3388 rigen
656 3320 1363 3387 Grenzstreitigkeiten
1410 3320 1536 3371 han-

472 3390 609 3441 delt’.
668 3390 771 3440 Das
804 3391 853 3439 in
882 3390 982 3439 den
1006 3390 1094 3439 Hs·
1130 3391 1237 3440 und
1261 3390 1540 3455 Ausgaben

470 3471 563 3509 vor
588 3459 822 3509 venimus
846 3456 1094 3508 stehende
1119 3473 1222 3507 non
1244 3456 1424 3521 gehiirt
1452 3458 1541 3508 da-

471 3524 587 3589 her,
621 3527 717 3575 wie
750 3525 879 3576 auch
924 3526 1008 3576 die
1041 3525 1434 3576 Parallelstellen
1483 3541 1538 3592 p.

473 3593 620 3644 Gaec.
644 3593 755 3654 7‚20
779 3608 878 3657 quo
905 3594 988 3643 die
1012 3594 1061 3643 in
1087 3609 1194 3643 rem
1216 3603 1539 3658 praesentem

470 3661 752 3724 veniretur,
792 3663 857 3712 de
889 3662 976 3711 off.
1011 3663 1033 3710 Ι
1070 3661 1158 3724 11,
1184 3671 1235 3712 32
1265 3665 1317 3710 ‘te
1350 3662 1405 3711 in
1429 3677 1536 3711 rem

469 3744 547 3795 pr.
578 3744 694 3780 esse
719 3731 987 3780 venturum
1013 3729 1236 3780 deutlich
1263 3730 1534 3792 beweisen‚

472 3797 701 3847 offenbar
735 3797 872 3847 nicht
904 3797 959 3846 in
992 3798 1090 3847 den
1116 3799 1273 3858 Text,
1312 3798 1536 3848 sondern

469 3864 614 3915 riihrt
647 3879 747 3915 von
786 3867 949 3915 einem
986 3864 1249 3915 Glossator
1281 3864 1395 3925 her,
1445 3867 1536 3916 der

472 3932 577 3982 den
602 3932 773 3997 jurist.
800 3932 1255 3999 Sprachgebrauch
1291 3934 1380 3983 der
1412 3933 1537 3983 For-

474 4001 570 4048 mel
597 4000 737 4050 nicht
759 4001 1019 4054 vex-stand.
1044 4001 1157 4051 Liv.
1171 4001 1263 4051 XL
1280 4000 1342 4051 17
1358 4002 1536 4051 eodem

472 4080 607 4116 anuo
631 4069 761 4118 inter
832 4068 1041 4134 opulum
1068 4069 1539 4135 Carthaginiensem

476 4142 525 4182 et
554 4148 728 4198 regern
804 4137 1073 4187 asinissam
1108 4139 1161 4187 in
1182 4154 1243 4188 re
1270 4139 1543 4202 praesenti

476 4200 840 4263 disceptatores
887 4203 1104 4254 Romani
1146 4205 1209 4254 de
1255 4220 1378 4271 agro
1426 4207 1542 4256 sue-

469 4276 610 4318 runa

1641 2725 1847 2775 nungen
1895 2709 2003 2760 und
2034 2724 2120 2759 um
2154 2709 2531 2775 Anweisungen
2581 2709 2704 2760 oder

1640 2777 1907 2841 Wechsel,
1935 2777 2043 2827 also
2068 2793 2155 2827 um
2180 2776 2479 2843 schwierige
2489 2778 2705 2828 Finanz-

1641 2844 1830 2896 sachen
1853 2845 2077 2895 handelt.

1707 2912 1790 2973 59,
1804 2922 1897 2965 251.
1928 2913 2235 2965 Graecorum
2256 2930 2395 2965 more
2421 2921 2551 2978 trag.
2581 2911 2706 2979 (wie

1642 2982 1773 3030 eben
1805 2980 2109 3031 histrionum
2159 2996 2324 3044 more,
2374 2981 2479 3047 vgl.
2516 2979 2547 3046 S
2585 2979 2704 3032 128.

1640 3046 1825 3109 11126,
1862 3057 1960 3111 1023
1997 3047 2089 3111 59,
2114 3049 2236 3116 220).
2295 3050 2371 3099 Da
2404 3050 2488 3100 die
2509 3049 2707 3115 Trago—

1640 3115 2112 3183 dienschauspieler
2144 3118 2226 3168 bei
2254 3117 2415 3167 ihrem
2448 3118 2707 3167 recitativ-

1641 3184 1835 3249 artigen
1855 3186 2073 3250 Vox-trag
2109 3186 2222 3235 eine
2246 3185 2364 3235 sehr
2387 3185 2708 3236 bedentende

1641 3252 1924 3303 Tonstfirke
1959 3254 2103 3318 notig
2136 3252 2309 3304 hatten
2345 3254 2452 3303 und
2476 3269 2529 3303 es
2555 3254 2708 3304 dabei

1640 3320 1911 3386 verstehen
1935 3330 2186 3385 mussten,
2209 3321 2489 3372 besonders
2514 3336 2577 3372 an
2605 3321 2707 3371 den

1642 3388 1990 3455 pathetischen
2031 3387 2221 3439 Stellen
2257 3390 2341 3439 die
2365 3389 2577 3441 Stimme
2609 3389 2708 3439 all-

1644 3456 1862 3506 mz'ihlich
1888 3473 1953 3507 zu
1978 3458 2200 3522 steigern
2226 3473 2282 3507 u.
2301 3458 2381 3507 bis
2403 3472 2520 3508 zum
2544 3456 2708 3508 116811-

1640 3534 1756 3575 sten
1778 3525 1950 3575 Punkt
1972 3525 2311 3575 anschwellen
2338 3541 2403 3575 zu
2427 3526 2615 3588 lasset),
2646 3540 2706 3576 so

1639 3602 1868 3644 mussten
1894 3594 1970 3643 sie
1994 3593 2102 3643 sich
2167 3592 2370 3643 iihnlich
2403 3594 2498 3643 wie
2520 3608 2709 3644 unsere

1640 3661 2017 3727 Opernsiinger)
2029 3662 2153 3711 durc
2200 3661 2570 3713 fortwahrende
2590 3660 2710 3712 Stu-

1638 3729 1757 3779 dien
1782 3729 1915 3780 dazu
1927 3729 2161 3779 einiiben.
2202 3729 2511 3781 Graecorum
2522 3731 2589 3780 ist
2611 3730 2707 3781 ab·

1639 3796 1870 3847 sichtlich
1937 3797 2268 3861 voragestellt
2294 3834 2308 3860 ‚
2384 3798 2498 3848 weil
2566 3797 2710 3848 disse

1638 3864 2199 3932 Schauspielerteclmik
2211 3866 2310 3915 den
2323 3865 2569 3918 Griechen
2588 3880 2710 3916 vor-

1640 3934 1924 3998 zugsweise
1937 3933 2085 3998 eigen
2095 3949 2214 3994 war,
2232 3934 2439 3984 Aristot.
2452 3934 2684 3984 Problem
2693 3971 2706 3984 .

1637 4000 1712 4051 XI
1730 4002 1797 4050 22
1823 3994 1922 4051 ὃιά
1949 4000 2010 4052 τί
2024 4004 2146 4060 τοῖς
2211 3994 2310 4054 eto}
2334 3994 2407 4053 τὰ
2433 4000 2590 4053 σιτία
2613 4017 2682 4054 κε

1637 4061 1911 4135 κραγόσιν
1940 4060 1955 4083 ‘
1970 4062 2133 4136 φωνὴ
2146 4018 2562 4153 flamengum
2576 4090 2592 4136 3
2606 4066 2710 4121 καὶ

1636 4130 1860 4197 πάντας
1958 4155 1991 4189 ν
2052 4136 2278 4205 ἴδοιμεν
2332 4155 2467 4199 τους
2515 4154 2711 4205 φωνα-

1643 4202 1924 4266 σκοῦντας
1959 4200 2085 4258 οἷον
2128 4196 2443 4273 ὑποκριτὰς
2477 4204 2578 4259 καὶ
2615 4222 2714 4273 χο·

1642 4265 1848 4340 ρευτάς
1880 4272 1981 4327 καὶ
2014 4269 2150 4335 τοὺς
2174 4267 2381 4335 ἄλλους
2411 4267 2712 4335 τοιούτους
