2930 4693
858 194 958 258 DE
995 193 1352 258 ORATORE
1393 193 1476 258 111
1523 194 1621 257 13.
1662 200 1903 256 tinam.
2367 202 2492 267 241

259 383 341 429 ne
369 381 468 428 me
495 365 696 445 ipsimi
721 363 1006 426 irrideam
1053 361 1214 443 (sunt
1240 370 1442 426 autem
1470 380 1604 425 mea
1634 362 1820 427 multo
1860 372 1921 426 et
1947 364 2118 445 plura
2161 374 2223 427 et
2248 368 2495 440 maiora,

260 467 440 530 quam
472 448 671 528 dicis);
714 466 868 527 quae
910 455 1109 510 autem
1140 455 1280 509 sunt
1308 455 1410 509 aut
1437 455 1539 510 tua
1568 447 1746 527 plane
1789 456 1890 510 aut
1914 451 2245 512 imitatione
2287 469 2361 513 ex
2389 451 2496 514 ali-

258 545 710 681 ffiigvngzgressa,
753 532 829 593 de
859 533 946 593 eis
988 539 1063 603 te,
1113 533 1167 594 si
1204 533 1312 612 qui
1346 550 1446 594 me
1488 532 1644 593 forte
1683 533 1853 595 locus
1893 533 2287 607 admonuerit,
2333 553 2496 598 com-

431 735 885 796 Praetereamus
913 734 1096 811 igitur
1122 739 1442 814 praecepta
1472 734 1681 794 Latine
1710 733 2008 815 loquendi,
2053 754 2203 816 quae
2231 736 2478 815 puerilis
2494 731 2576 806 13
2597 744 2671 797 48

262 818 536 881 doctrina
565 818 747 879 tradit
776 823 838 877 et
863 816 1138 879 subtilior
1168 818 1427 897 cognitio
1458 835 1528 878 ac
1559 819 1712 878 ratio
1741 817 2073 880 litterarum
2106 819 2208 881 alit
2232 828 2332 882 aut
2355 839 2496 882 con·

260 904 515 965 suetudo
546 903 839 964 sermonis
868 902 1151 962 cotidiani
1180 919 1249 961 ac
1281 900 1610 974 domestici,
1653 900 1793 963 libri
1824 904 2180 965 confirmant
2222 912 2282 965 et
2320 904 2497 967 lectio

261 995 529 1049 veterum
563 992 869 1047 oratorum
902 992 960 1046 et
987 990 1320 1066 potitarum.
1410 985 1616 1065 Neque
1647 1004 1789 1047 vero
1819 988 1882 1047 in
1914 987 2017 1049 illo
2060 987 2248 1050 altero
2280 989 2498 1050 diutius

263 1088 724 1142 commoremur,
768 1077 835 1131 ut
879 1070 1267 1149 disputemuS,
1311 1069 1527 1149 quibus
1571 1070 1752 1132 rebus
1793 1071 2038 1152 adsequi
2076 1074 2392 1152 possimuS,
2432 1081 2501 1137 ut

263 1149 365 1225 ea',
399 1173 550 1236 quae
583 1154 877 1226 dicamus,
919 1153 1360 1233 intellegantur.
1449 1154 1659 1216 Latine
1704 1155 1932 1217 scilicet
1972 1155 2251 1228 dicendo,
2295 1157 2492 1219 verbis
2533 1165 2607 1217 49

261 1241 495 1302 usitatis
527 1258 595 1300 ac
625 1240 870 1321 proprie
902 1237 1447 1301 demonstrantibus
1478 1257 1566 1311 ea,
1597 1257 1748 1318 quae
1779 1241 2099 1318 significari
2115 1259 2183 1301 ac
2207 1240 2500 1303 declarari

266 1323 550 1393 volemuS,
595 1325 724 1384 sine
755 1322 1032 1403 ambiguo
1062 1323 1248 1384 verbo
1280 1329 1380 1383 aut
1419 1340 1717 1395 sermone,
1760 1342 1881 1385 non
1921 1326 2098 1385 nimis
2137 1324 2313 1404 longa
2356 1345 2498 1387 con·

263 1410 595 1470 tinuatione
626 1406 977 1478 verborum,
1032 1423 1151 1467 non
1192 1406 1360 1467 valde
1398 1406 1708 1486 productis
1751 1410 1861 1480 εἰς,
1905 1427 2055 1488 quae
2099 1410 2499 1471 similitudinis

265 1511 441 1555 causa
485 1511 557 1553 ex
587 1490 716 1551 aliis
751 1491 935 1554 rebus
974 1491 1442 1561 transferuntur,
1488 1509 1608 1552 non
1656 1491 1968 1571 discerptis
2010 1495 2333 1564 sententiiS,
2378 1513 2497 1556 non

262 1576 666 1658 praeposteris
704 1574 1111 1655 temporibuS,
1154 1593 1277 1636 non
1322 1575 1585 1637 confusis
1626 1578 1930 1655 personiS,
1987 1595 2108 1637 non
2146 1577 2498 1658 perturbato
2574 1607 2579 1612 ·

265 1660 497 1723 ordine.
585 1660 738 1732 Quid
781 1659 1002 1721 multa?
1040 1667 1164 1721 tam
1212 1658 1404 1720 facilis
1446 1666 1538 1720 est
1566 1666 1689 1720 tota
1719 1678 1835 1732 reS,
1878 1668 1945 1721 ut
1971 1661 2121 1721 mihi
2163 1662 2495 1741 permirum

264 1763 444 1825 saepe
467 1743 754 1815 videatur,
799 1762 934 1805 cum
967 1744 1262 1804 difficilius
1290 1743 1690 1824 intellegatur,
1736 1743 1877 1824 quid
1916 1752 2205 1827 patronus
2233 1745 2373 1807 velit
2409 1746 2495 1809 di·
2559 1777 2566 1782 ·

265 1847 421 1900 cere,
454 1847 630 1909 quam
662 1829 713 1890 si
741 1829 869 1908 ipse
898 1826 1017 1899 ille,
1061 1828 1162 1907 qui
1201 1835 1520 1907 patronum
1565 1827 1836 1899 adhibet,
1883 1829 1956 1889 de
1997 1848 2065 1890 re
2107 1847 2213 1891 sua
2253 1830 2497 1891 diceret.

265 1915 372 1976 Isti
402 1915 578 1983 enim,
612 1914 715 1992 qui
744 1913 816 1973 ad
849 1931 958 1973 nos
990 1930 1195 1973 causas
1225 1912 1522 1983 deferunt,
1564 1914 1645 1973 ita
1689 1932 1798 1974 nos
1838 1912 2193 1993 plerumque
2235 1916 2352 1993 ipsi
2392 1915 2497 1975 do-

265 2005 421 2068 cent,
464 2004 533 2058 ut
572 2015 695 2058 non
736 1997 1041 2057 desideres
1081 1997 1315 2076 planius
1355 1996 1493 2059 dici.
1580 1996 1834 2058 Easdem
1874 2016 1973 2058 res
2014 2005 2211 2059 autem
2252 1999 2500 2062 simulac

265 2083 467 2145 Fufius
497 2088 599 2143 aut
629 2089 820 2143 vester
850 2080 1110 2160 aequalis
1137 2081 1502 2161 Pomponius
1530 2083 1710 2161 agere
1740 2083 1955 2160 coepit,
1988 2100 2108 2142 non
2139 2101 2327 2162 aeque
2356 2083 2500 2164 quid

265 2167 485 2238 dicant,
530 2166 645 2226 nisi
674 2165 993 2226 admodum
1024 2165 1268 2236 attendi,
1309 2165 1620 2244 intellego;
1663 2167 1744 2227 ita
1773 2166 2019 2226 confusa
2049 2175 2139 2227 est
2167 2169 2376 2236 oratio,
2419 2170 2500 2227 ita

310 2249 632 2321 erturbata,
667 2249 815 2310 nihil
844 2256 909 2310 ut
939 2250 1014 2311 sit
1043 2252 1320 2329 primum.
1368 2249 1518 2311 nihil
1547 2256 1613 2311 ut
1642 2250 1985 2319 secundum,
2029 2257 2309 2330 tantaque
2339 2252 2499 2312 inso-

264 2271 451 2398 fentia
481 2353 549 2397 ac
581 2332 755 2396 turba
794 2333 1132 2405 verborum,
1186 2340 1253 2396 ut
1297 2337 1507 2407 oratio,
1560 2353 1713 2415 quae
1751 2333 1953 2396 lumen
1995 2334 2279 2398 adhibere
2321 2335 2501 2398 rebus

268 2421 465 2491 debet,
508 2438 577 2482 ea
608 2418 1029 2482 obscuritatem
1062 2427 1122 2481 et
1154 2417 1432 2481 tenebras
1475 2418 1704 2480 adferat
1742 2426 1923 2499 atque
1961 2427 2027 2480 ut
2062 2420 2500 2499 quodammodo

264 2506 383 2585 ipsi
412 2504 526 2567 sibi
553 2506 618 2566 in
647 2503 902 2565 dicendo
932 2503 1281 2584 obstrepere
1310 2504 1639 2564 videantur.
1729 2503 1977 2574 Verum,
2021 2505 2073 2564 si
2101 2503 2312 2585 placet,
2356 2524 2502 2585 quo·
2545 2517 2610 2569 51

166 2647 180 2666 ,
266 2590 429 2653 niam
480 2589 630 2650 haec
676 2590 820 2650 satis
869 2606 1046 2668 spero
1076 2588 1242 2649 vobis
1283 2588 1523 2667 quidem
1566 2594 1728 2648 certe
1780 2587 2106 2650 maioribus
2148 2588 2399 2650 molesta
2442 2595 2505 2650 et

272 2673 480 2754 putida
510 2673 716 2745 videri,
748 2673 820 2734 ad
852 2672 1082 2753 reliqua
1112 2671 1412 2752 aliquanto
1444 2670 1742 2733 odiosiora
1773 2689 2110 2752 pergamus.

317 2891 403 2953 13,
415 2900 484 2944 48.
502 2893 895 2943 Praetereamus
913 2901 1029 2954 etc„
1044 2891 1127 2940 die
1140 2892 1333 2956 eigeut·

263 2960 398 3011 liche
419 2958 582 3011 Lehre
606 2956 666 3025 (S
691 2958 813 3022 38),
848 2959 931 3009 die
968 2969 1104 3009 erste
1127 2957 1333 3009 Grund-

269 3029 417 3094 lage,
489 3026 631 3078 ebert
664 3029 717 3076 iu
742 3028 840 3078 den
867 3027 1334 3077 Elementarunter·

264 3095 399 3147 rieht

266 3164 363 3214 mit
394 3161 761 3213 Erwacbsenen
805 3179 870 3213 zu
903 3161 1029 3212 thuu
1062 3158 1203 3227 hat),
1251 3162 1336 3211 die

266 3232 472 3281 weitere
484 3230 781 3295 Ffirderung
799 3226 860 3296 (S
876 3227 987 3294 39),
1010 3230 1103 3280 das
1113 3228 1334 3280 Waehs·

265 3310 374 3351 tum
410 3297 598 3360 hierin,
644 3297 713 3348 ist
743 3295 1232 3361 theoretiseherseits
1267 3311 1335 3346 an

268 3367 363 3418 das
403 3362 636 3416 Studium
678 3365 768 3416 der
797 3364 1092 3427 Litteratur,
1140 3363 1337 3430 prakti-

267 3433 547 3485 scherseita
572 3430 760 3498 (daher
776 3431 891 3496 aut)
915 3448 981 3483 an
1005 3431 1337 3496 fortgehende

265 3500 487 3567 Uebung
509 3499 788 3566 gekuiipft,
820 3501 902 3549 die
927 3499 1206 3564 Festigkeit
1229 3499 1337 3549 und

267 3566 558 3621 Sicherheit
574 3583 641 3618 an
662 3568 747 3619 die
756 3567 972 3617 Lectiire
988 3592 1058 3603 --
1076 3568 1203 3617 eben
1223 3566 1334 3617 lau-

266 3646 345 3687 ter
367 3635 464 3687 Din
505 3651 549 3696 e,
575 3635 658 3685 die
680 3635 763 3689 Cr.
787 3632 1142 3701 begreil‘licher
1157 3633 1338 3685 Weise

266 3703 380 3755 hier
402 3703 486 3754 nic
502 3712 542 3754 lt
564 3702 810 3755 mitteilen
835 3704 989 3755 kann.

334 3794 406 3839 ⁴9.
456 3787 675 3852 proprie
715 3812 781 3825 --
823 3787 956 3837 ohne
997 3786 1336 3850 Anwendung

267 3854 562 3921 figiirlicher
641 3851 1123 3920 (metaphoriocher)
1157 3896 1163 3902 .
1195 3852 1337 3904 Aus-

267 3924 487 3984 aracke,
527 3918 559 3988 s
596 3919 712 3972 149.
781 3923 940 3976 Arist.
965 3920 1093 3973 rhet.
1122 3922 1276 3982 1112,
1312 3930 1335 3972 1

267 3989 384 4043 τῶν
441 3981 500 4043 δ’
552 3979 851 4055 ὀνομάτων
907 3985 1008 4041 καὶ
1066 3982 1102 4055 ὅ
1140 3979 1338 4055 μάτων

268 4057 461 4136 σεξφῆ
483 4051 594 4125 μὲν
609 4061 779 4110 ποιεῖ
792 4057 892 4124 (ac.
913 4049 1023 4123 τὴν
1046 4051 1105 4109 λέ
1164 4053 1228 4123 ν)
1251 4048 1333 4108 τὰ

264 4141 356 4176 nv
411 4143 504 4178 ια.

340 4144 442 4246 agn
459 4198 611 4249 valde
632 4194 904 4265 productio
935 4201 1059 4253 etc„
1099 4193 1211 4244 also
1245 4193 1339 4242 mit

475 3096 583 3146 also
619 3093 759 3145 nieht
789 3094 1020 3154 hieu-her,
1054 3109 1133 3145 wo
1170 3109 1226 3146 es
1253 3093 1334 3145 Cr.

1433 2888 1763 2955 miiglicbster
1784 2890 2133 2956 Vermeidung
2163 2892 2257 2943 des
2291 2892 2372 2942 ΑΙΙ
2442 2907 2503 2943 o·

1432 2958 1667 3028 riscben,
1690 2957 1724 3021 ξ
1758 2957 1869 3008 ¹66.
1911 2962 2291 3024 praeposteris,
2317 2957 2349 3026 S
2373 2961 2405 3009 4
2443 3000 2457 3014 .

1504 3051 1576 3094 50.
1598 3044 1653 3093 in
1676 3044 1895 3095 dicendo
1913 3043 2232 3108 obstrepere,
2258 3045 2333 3093 sie
2352 3046 2503 3096 iiber·

1436 3110 1670 3161 schreien
1695 3111 1805 3160 sich
1831 3111 1990 3162 selbst
2024 3112 2155 3160 heim
2180 3111 2355 3162 Reden
2371 3147 2387 3175 ,
2421 3113 2502 3162 in-

1437 3179 1556 3229 dem
1582 3179 1663 3228 ein
1688 3179 1838 3228 Wort
1861 3178 1955 3228 dna
1978 3177 2167 3227 audere
2191 3181 2427 3232 fibertont
2449 3196 2506 3230 n.

1437 3245 1687 3296 demnach
1722 3247 1835 3295 eins
1867 3260 1961 3295 vor
1994 3245 2111 3296 dem
2145 3247 2340 3297 anderu
2364 3246 2508 3298 nicht

1436 3313 1744 3363 vex-standen
1769 3312 1972 3362 werden
1997 3313 2152 3364 kann.

1508 3389 1577 3430 51.
1613 3382 1900 3439 odiosiora,
1928 3381 1974 3430 11
1996 3377 2080 3442 58,
2104 3390 2207 3438 236,
2243 3380 2377 3432 noch
2402 3382 2506 3432 viel

1438 3446 1702 3513 lffikeliger
1742 3448 1868 3498 oder
1899 3447 2150 3497 vielmehr
2186 3448 2503 3512 kleinlicher,

1437 3530 1617 3580 wesen
1656 3515 1748 3565 der
1781 3514 2184 3566 erforderlichen
2206 3516 2506 3582 Beachtung

1439 3583 1533 3633 der
1562 3583 1726 3633 vielen
1769 3597 1852 3632 am
1885 3583 2029 3633 Ende
2071 3583 2205 3634 doch
2238 3586 2507 3650 unprakti-

1437 3650 1594 3700 seben
1609 3649 1994 3700 Einzelnheiten
2011 3666 2065 3699 u.
2086 3651 2242 3701 deren
2259 3666 2507 3717 gemmet,

1438 3717 1767 3769 detaillierter
1811 3717 2148 3784 Behandlung
2197 3717 2506 3785 (besonders

1436 3787 1530 3835 mit
1548 3786 1725 3851 Bezug
1746 3785 1840 3836 aut*
1859 3786 1942 3837 die
1959 3783 2123 3835 Lehre
2147 3801 2245 3836 von
2265 3787 2363 3837 den
2377 3787 2505 3836 Tro-

1437 3855 1762 3981 ramis
1777 3850 2320 3986 ihi‘hffffigsslfflz
2353 3850 2507 3970 ⁸¹23,

1439 3987 1673 4053 epistolis
1697 3991 1763 4040 ad
1789 3988 2059 4040 Caesarem
2092 3988 2295 4054 seriptis
2329 4002 2505 4039 emen-

1439 4056 1543 4116 dat,
1569 4056 1707 4117 quod
1728 4057 1775 4106 ia
1799 4056 2021 4107 calidum
2042 4056 2212 4106 dicere
2229 4069 2381 4120 quam
2400 4056 2504 4106 eal·

1440 4123 1562 4173 dum
1586 4123 1755 4186 malit,
1795 4138 1896 4174 non
1922 4124 2044 4186 quia
2068 4125 2122 4176 id
2147 4138 2249 4174 non
2273 4124 2342 4176 sit
2364 4124 2504 4174 Lati-

1439 4205 1593 4255 num,
1627 4191 1719 4242 sed
1742 4192 1865 4256 quia
1884 4192 1957 4242 ait
1978 4186 2218 4243 odiosum
2242 4200 2293 4243 et
2318 4200 2373 4243 ut
2391 4192 2509 4258 ipse
