<?xml version="1.0" encoding="UTF-8"?>
<!DOCTYPE html PUBLIC "-//W3C//DTD XHTML 1.0 Transitional//EN"
    "http://www.w3.org/TR/xhtml1/DTD/xhtml1-transitional.dtd">
<html xmlns="http://www.w3.org/1999/xhtml" xml:lang="en" lang="en">
 <head>
  <title>
</title>
<meta http-equiv="Content-Type" content="text/html;charset=utf-8" />
  <meta name='ocr-system' content='tesseract 3.04.00' />
  <meta name='ocr-capabilities' content='ocr_page ocr_carea ocr_par ocr_line ocrx_word'/>
</head>
<body>
  <div class='ocr_page' id='page_1' title='image "./deoratore00pidegoog_0229.png"; bbox 0 0 2930 4693; ppageno 0'>
   <div class='ocr_carea' id='block_1_1' title="bbox 818 219 1892 287">
    <p class='ocr_par' dir='ltr' id='par_1_1' title="bbox 818 219 1892 287">
     <span class='ocr_line' id='line_1_1' title="bbox 818 219 1892 287; baseline -0.007 0"><span class='ocrx_word' id='word_1_1' title='bbox 818 223 920 287; x_wconf 80' lang='lat' dir='ltr'><strong>DE</strong></span> <span class='ocrx_word' id='word_1_2' title='bbox 958 220 1311 285; x_wconf 77' lang='lat' dir='ltr'>ORATORE</span> <span class='ocrx_word' id='word_1_3' title='bbox 1348 221 1402 284; x_wconf 91' lang='lat' dir='ltr'><strong>ll</strong></span> <span class='ocrx_word' id='word_1_4' title='bbox 1442 219 1546 282; x_wconf 81' lang='lat'><strong>46.</strong></span> <span class='ocrx_word' id='word_1_5' title='bbox 1590 227 1892 282; x_wconf 77' lang='lat'><strong>191—193.</strong></span> 
     </span>
    </p>
   </div>
   <div class='ocr_carea' id='block_1_2' title="bbox 2289 227 2459 344">
    <p class='ocr_par' dir='ltr' id='par_1_2' title="bbox 2289 227 2459 344">
     <span class='ocr_line' id='line_1_2' title="bbox 2289 227 2459 344; baseline -0.006 -53"><span class='ocrx_word' id='word_1_6' title='bbox 2289 326 2305 344; x_wconf 34' lang='grc' dir='ltr'><em>ι</em></span> <span class='ocrx_word' id='word_1_7' title='bbox 2335 227 2459 291; x_wconf 86' lang='grc'>161</span> 
     </span>
    </p>
   </div>
   <div class='ocr_carea' id='block_1_3' title="bbox 183 389 2629 1995">
    <p class='ocr_par' dir='ltr' id='par_1_3' title="bbox 252 389 2460 476">
     <span class='ocr_line' id='line_1_3' title="bbox 252 389 2460 476; baseline -0.003 -16"><span class='ocrx_word' id='word_1_8' title='bbox 252 398 502 461; x_wconf 74' lang='lat' dir='ltr'><strong>oratoris</strong></span> <span class='ocrx_word' id='word_1_9' title='bbox 530 401 761 476; x_wconf 82' lang='lat' dir='ltr'><strong>parata,</strong></span> <span class='ocrx_word' id='word_1_10' title='bbox 803 410 955 474; x_wconf 85' lang='lat' dir='ltr'><strong>quae</strong></span> <span class='ocrx_word' id='word_1_11' title='bbox 981 393 1167 472; x_wconf 53' lang='lat' dir='ltr'><strong>powt</strong></span> <span class='ocrx_word' id='word_1_12' title='bbox 1194 389 1462 459; x_wconf 83' lang='lat' dir='ltr'><strong>incendi,</strong></span> <span class='ocrx_word' id='word_1_13' title='bbox 1504 390 1622 451; x_wconf 83' lang='lat' dir='ltr'><strong>nisi</strong></span> <span class='ocrx_word' id='word_1_14' title='bbox 1647 389 2045 452; x_wconf 82' lang='lat' dir='ltr'><strong>inflammatus</strong></span> <span class='ocrx_word' id='word_1_15' title='bbox 2069 392 2197 471; x_wconf 86' lang='lat' dir='ltr'><strong>ipse</strong></span> <span class='ocrx_word' id='word_1_16' title='bbox 2225 391 2301 453; x_wconf 88' lang='lat' dir='ltr'><strong>ad</strong></span> <span class='ocrx_word' id='word_1_17' title='bbox 2328 410 2460 453; x_wconf 89' lang='lat' dir='ltr'><strong>eam</strong></span> 
     </span>
    </p>

    <p class='ocr_par' dir='ltr' id='par_1_4' title="bbox 245 470 2629 1070">
     <span class='ocr_line' id='line_1_4' title="bbox 262 470 2629 552; baseline -0.004 -9"><span class='ocrx_word' id='word_1_18' title='bbox 262 490 322 544; x_wconf 88' lang='lat' dir='ltr'><strong>et</strong></span> <span class='ocrx_word' id='word_1_19' title='bbox 350 482 563 543; x_wconf 88' lang='lat' dir='ltr'><strong>ardens</strong></span> <span class='ocrx_word' id='word_1_20' title='bbox 591 480 926 541; x_wconf 84' lang='lat' dir='ltr'><strong>accesserit.</strong></span> <span class='ocrx_word' id='word_1_21' title='bbox 1004 479 1117 546; x_wconf 79' lang='lat' dir='ltr'><strong>Ac,</strong></span> <span class='ocrx_word' id='word_1_22' title='bbox 1148 494 1226 536; x_wconf 83' lang='lat' dir='ltr'><strong>nc</strong></span> <span class='ocrx_word' id='word_1_23' title='bbox 1254 474 1370 537; x_wconf 86' lang='lat' dir='ltr'><strong>hoc</strong></span> <span class='ocrx_word' id='word_1_24' title='bbox 1398 474 1554 536; x_wconf 78' lang='lat' dir='ltr'><strong>sorte</strong></span> <span class='ocrx_word' id='word_1_25' title='bbox 1582 491 1863 552; x_wconf 83' lang='lat' dir='ltr'><strong>magnum</strong></span> <span class='ocrx_word' id='word_1_26' title='bbox 1893 493 1963 536; x_wconf 87' lang='lat' dir='ltr'><strong>ac</strong></span> <span class='ocrx_word' id='word_1_27' title='bbox 1989 474 2261 536; x_wconf 85' lang='lat' dir='ltr'><strong>mirabile</strong></span> <span class='ocrx_word' id='word_1_28' title='bbox 2291 495 2419 537; x_wconf 87' lang='lat' dir='ltr'><strong>esse</strong></span> <span class='ocrx_word' id='word_1_29' title='bbox 2431 470 2518 545; x_wconf 83' lang='grc'><strong>46</strong></span> <span class='ocrx_word' id='word_1_30' title='bbox 2530 482 2629 535; x_wconf 84' lang='grc'><strong>191</strong></span> 
     </span>
     <span class='ocr_line' id='line_1_5' title="bbox 252 556 2464 637; baseline -0.003 -8"><span class='ocrx_word' id='word_1_31' title='bbox 252 567 532 637; x_wconf 78' lang='lat' dir='ltr'><strong>videatur,</strong></span> <span class='ocrx_word' id='word_1_32' title='bbox 563 565 863 626; x_wconf 87' lang='lat' dir='ltr'><strong>hominem</strong></span> <span class='ocrx_word' id='word_1_33' title='bbox 897 562 1109 624; x_wconf 86' lang='lat' dir='ltr'><strong>totiens</strong></span> <span class='ocrx_word' id='word_1_34' title='bbox 1137 561 1330 630; x_wconf 82' lang='lat' dir='ltr'><strong>irasci,</strong></span> <span class='ocrx_word' id='word_1_35' title='bbox 1363 561 1579 620; x_wconf 86' lang='lat' dir='ltr'><strong>totiens</strong></span> <span class='ocrx_word' id='word_1_36' title='bbox 1609 556 1832 631; x_wconf 87' lang='lat' dir='ltr'><strong>dolere,</strong></span> <span class='ocrx_word' id='word_1_37' title='bbox 1865 561 2080 622; x_wconf 87' lang='lat' dir='ltr'><strong>totiens</strong></span> <span class='ocrx_word' id='word_1_38' title='bbox 2109 561 2272 621; x_wconf 87' lang='lat' dir='ltr'><strong>omni</strong></span> <span class='ocrx_word' id='word_1_39' title='bbox 2299 569 2464 623; x_wconf 77' lang='lat' dir='ltr'><strong>motu</strong></span> 
     </span>
     <span class='ocr_line' id='line_1_6' title="bbox 252 643 2464 728; baseline -0.003 -15"><span class='ocrx_word' id='word_1_40' title='bbox 252 652 435 713; x_wconf 89' lang='lat' dir='ltr'><strong>animi</strong></span> <span class='ocrx_word' id='word_1_41' title='bbox 463 649 777 720; x_wconf 85' lang='lat' dir='ltr'><strong>concitari,</strong></span> <span class='ocrx_word' id='word_1_42' title='bbox 821 646 1170 728; x_wconf 87' lang='lat' dir='ltr'><strong>praesertim</strong></span> <span class='ocrx_word' id='word_1_43' title='bbox 1198 646 1261 706; x_wconf 89' lang='lat' dir='ltr'><strong>in</strong></span> <span class='ocrx_word' id='word_1_44' title='bbox 1290 643 1471 706; x_wconf 82' lang='lat' dir='ltr'><strong>rebus</strong></span> <span class='ocrx_word' id='word_1_45' title='bbox 1500 643 1734 705; x_wconf 82' lang='lat' dir='ltr'><strong>alienis:</strong></span> <span class='ocrx_word' id='word_1_46' title='bbox 1786 662 1998 723; x_wconf 84' lang='lat' dir='ltr'><strong>magna</strong></span> <span class='ocrx_word' id='word_1_47' title='bbox 2027 646 2114 705; x_wconf 83' lang='lat' dir='ltr'><strong>vis</strong></span> <span class='ocrx_word' id='word_1_48' title='bbox 2142 652 2231 706; x_wconf 91' lang='lat' dir='ltr'><strong>est</strong></span> <span class='ocrx_word' id='word_1_49' title='bbox 2259 663 2464 707; x_wconf 87' lang='lat' dir='ltr'><strong>earum</strong></span> 
     </span>
     <span class='ocr_line' id='line_1_7' title="bbox 249 730 2461 812; baseline -0.003 -16"><span class='ocrx_word' id='word_1_50' title='bbox 249 737 677 797; x_wconf 88' lang='lat' dir='ltr'><strong>sententiarum</strong></span> <span class='ocrx_word' id='word_1_51' title='bbox 706 742 880 812; x_wconf 85' lang='lat' dir='ltr'><strong>atque</strong></span> <span class='ocrx_word' id='word_1_52' title='bbox 912 748 1117 792; x_wconf 88' lang='lat' dir='ltr'><strong>eorum</strong></span> <span class='ocrx_word' id='word_1_53' title='bbox 1146 730 1442 798; x_wconf 88' lang='lat' dir='ltr'><strong>locorum,</strong></span> <span class='ocrx_word' id='word_1_54' title='bbox 1485 747 1634 809; x_wconf 90' lang='lat' dir='ltr'><strong>quos</strong></span> <span class='ocrx_word' id='word_1_55' title='bbox 1663 745 1801 806; x_wconf 86' lang='lat' dir='ltr'><strong>agas</strong></span> <span class='ocrx_word' id='word_1_56' title='bbox 1828 738 2162 810; x_wconf 81' lang='lat' dir='ltr'><strong>tractesque</strong></span> <span class='ocrx_word' id='word_1_57' title='bbox 2193 730 2461 800; x_wconf 87' lang='lat' dir='ltr'><strong>dicendo,</strong></span> 
     </span>
     <span class='ocr_line' id='line_1_8' title="bbox 248 812 2465 899; baseline -0.002 -18"><span class='ocrx_word' id='word_1_58' title='bbox 248 819 400 882; x_wconf 85' lang='lat' dir='ltr'><strong>nihil</strong></span> <span class='ocrx_word' id='word_1_59' title='bbox 428 828 494 880; x_wconf 90' lang='lat' dir='ltr'><strong>ut</strong></span> <span class='ocrx_word' id='word_1_60' title='bbox 522 837 670 899; x_wconf 89' lang='lat' dir='ltr'><strong>opus</strong></span> <span class='ocrx_word' id='word_1_61' title='bbox 698 818 775 879; x_wconf 91' lang='lat' dir='ltr'><strong>sit</strong></span> <span class='ocrx_word' id='word_1_62' title='bbox 802 815 1169 878; x_wconf 82' lang='lat' dir='ltr'><strong>simulatione</strong></span> <span class='ocrx_word' id='word_1_63' title='bbox 1201 821 1261 875; x_wconf 87' lang='lat' dir='ltr'><strong>et</strong></span> <span class='ocrx_word' id='word_1_64' title='bbox 1287 812 1551 876; x_wconf 76' lang='lat' dir='ltr'><strong>fallaciis.</strong></span> <span class='ocrx_word' id='word_1_65' title='bbox 1595 812 1727 894; x_wconf 84' lang='lat' dir='ltr'><strong>Ipsa</strong></span> <span class='ocrx_word' id='word_1_66' title='bbox 1754 815 1912 874; x_wconf 89' lang='lat' dir='ltr'><strong>enim</strong></span> <span class='ocrx_word' id='word_1_67' title='bbox 1942 822 2154 875; x_wconf 83' lang='lat' dir='ltr'><strong>natura</strong></span> <span class='ocrx_word' id='word_1_68' title='bbox 2182 815 2465 877; x_wconf 90' lang='lat' dir='ltr'><strong>orationis</strong></span> 
     </span>
     <span class='ocr_line' id='line_1_9' title="bbox 249 898 2464 985; baseline -0.003 -19"><span class='ocrx_word' id='word_1_69' title='bbox 249 906 411 975; x_wconf 81' lang='lat' dir='ltr'><strong>eius,</strong></span> <span class='ocrx_word' id='word_1_70' title='bbox 462 922 613 985; x_wconf 87' lang='lat' dir='ltr'><strong>quae</strong></span> <span class='ocrx_word' id='word_1_71' title='bbox 653 902 966 981; x_wconf 88' lang='lat' dir='ltr'><strong>suscipitur</strong></span> <span class='ocrx_word' id='word_1_72' title='bbox 1006 900 1081 961; x_wconf 89' lang='lat' dir='ltr'><strong>ad</strong></span> <span class='ocrx_word' id='word_1_73' title='bbox 1122 899 1372 960; x_wconf 87' lang='lat' dir='ltr'><strong>aliorum</strong></span> <span class='ocrx_word' id='word_1_74' title='bbox 1402 900 1629 960; x_wconf 91' lang='lat' dir='ltr'><strong>animos</strong></span> <span class='ocrx_word' id='word_1_75' title='bbox 1656 898 2113 978; x_wconf 87' lang='lat' dir='ltr'><strong>permovendos,</strong></span> <span class='ocrx_word' id='word_1_76' title='bbox 2167 907 2464 961; x_wconf 86' lang='lat' dir='ltr'><strong>oratorem</strong></span> 
     </span>
     <span class='ocr_line' id='line_1_10' title="bbox 245 983 2461 1070; baseline -0.003 -19"><span class='ocrx_word' id='word_1_77' title='bbox 245 990 446 1070; x_wconf 85' lang='lat' dir='ltr'><strong>ipsum</strong></span> <span class='ocrx_word' id='word_1_78' title='bbox 475 989 662 1067; x_wconf 83' lang='lat' dir='ltr'><strong>magis</strong></span> <span class='ocrx_word' id='word_1_79' title='bbox 693 988 1061 1066; x_wconf 84' lang='lat' dir='ltr'><strong>etiam,quam</strong></span> <span class='ocrx_word' id='word_1_80' title='bbox 1087 1001 1439 1066; x_wconf 89' lang='lat' dir='ltr'><strong>quemquam</strong></span> <span class='ocrx_word' id='word_1_81' title='bbox 1463 1001 1691 1053; x_wconf 86' lang='lat' dir='ltr'><strong>eorum,</strong></span> <span class='ocrx_word' id='word_1_82' title='bbox 1724 983 1825 1063; x_wconf 90' lang='lat' dir='ltr'><strong>qui</strong></span> <span class='ocrx_word' id='word_1_83' title='bbox 1846 983 2108 1054; x_wconf 85' lang='lat' dir='ltr'><strong>audiunt,</strong></span> <span class='ocrx_word' id='word_1_84' title='bbox 2138 991 2461 1064; x_wconf 83' lang='lat' dir='ltr'><strong>permovet.</strong></span> 
     </span>
    </p>

    <p class='ocr_par' dir='ltr' id='par_1_5' title="bbox 247 1067 2594 1233">
     <span class='ocr_line' id='line_1_11' title="bbox 247 1067 2594 1148; baseline -0.003 -12"><span class='ocrx_word' id='word_1_85' title='bbox 247 1074 322 1136; x_wconf 86' lang='lat' dir='ltr'><strong>Et</strong></span> <span class='ocrx_word' id='word_1_86' title='bbox 351 1092 433 1134; x_wconf 93' lang='lat' dir='ltr'><strong>ne</strong></span> <span class='ocrx_word' id='word_1_87' title='bbox 462 1072 577 1134; x_wconf 90' lang='lat' dir='ltr'><strong>hoc</strong></span> <span class='ocrx_word' id='word_1_88' title='bbox 617 1073 680 1131; x_wconf 91' lang='lat' dir='ltr'><strong>in</strong></span> <span class='ocrx_word' id='word_1_89' title='bbox 711 1071 929 1141; x_wconf 86' lang='lat' dir='ltr'><strong>causis,</strong></span> <span class='ocrx_word' id='word_1_90' title='bbox 981 1071 1045 1130; x_wconf 93' lang='lat' dir='ltr'><strong>in</strong></span> <span class='ocrx_word' id='word_1_91' title='bbox 1083 1067 1342 1138; x_wconf 76' lang='lat' dir='ltr'><strong>iudiciiS,</strong></span> <span class='ocrx_word' id='word_1_92' title='bbox 1394 1069 1458 1129; x_wconf 91' lang='lat' dir='ltr'><strong>in</strong></span> <span class='ocrx_word' id='word_1_93' title='bbox 1487 1069 1814 1130; x_wconf 87' lang='lat' dir='ltr'><strong>amicorum</strong></span> <span class='ocrx_word' id='word_1_94' title='bbox 1854 1067 2166 1148; x_wconf 78' lang='lat' dir='ltr'><strong>periculiS,</strong></span> <span class='ocrx_word' id='word_1_95' title='bbox 2215 1070 2279 1130; x_wconf 86' lang='lat' dir='ltr'><strong>in</strong></span> <span class='ocrx_word' id='word_1_96' title='bbox 2320 1087 2460 1130; x_wconf 89' lang='lat' dir='ltr'><strong>con·</strong></span> <span class='ocrx_word' id='word_1_97' title='bbox 2492 1086 2594 1138; x_wconf 85' lang='lat'><strong>192</strong></span> 
     </span>
     <span class='ocr_line' id='line_1_12' title="bbox 250 1152 2463 1233; baseline -0.002 -14"><span class='ocrx_word' id='word_1_98' title='bbox 250 1176 433 1220; x_wconf 91' lang='lat' dir='ltr'><strong>cursu</strong></span> <span class='ocrx_word' id='word_1_99' title='bbox 463 1158 796 1226; x_wconf 89' lang='lat' dir='ltr'><strong>hominum,</strong></span> <span class='ocrx_word' id='word_1_100' title='bbox 828 1157 888 1217; x_wconf 95' lang='lat' dir='ltr'><strong>in</strong></span> <span class='ocrx_word' id='word_1_101' title='bbox 918 1155 1178 1223; x_wconf 88' lang='lat' dir='ltr'><strong>civitate,</strong></span> <span class='ocrx_word' id='word_1_102' title='bbox 1210 1155 1273 1214; x_wconf 92' lang='lat' dir='ltr'><strong>in</strong></span> <span class='ocrx_word' id='word_1_103' title='bbox 1303 1153 1434 1213; x_wconf 87' lang='lat' dir='ltr'><strong>foro</strong></span> <span class='ocrx_word' id='word_1_104' title='bbox 1465 1152 1733 1214; x_wconf 86' lang='lat' dir='ltr'><strong>accidere</strong></span> <span class='ocrx_word' id='word_1_105' title='bbox 1763 1154 2067 1223; x_wconf 89' lang='lat' dir='ltr'><strong>miremur,</strong></span> <span class='ocrx_word' id='word_1_106' title='bbox 2099 1172 2235 1215; x_wconf 92' lang='lat' dir='ltr'><strong>cum</strong></span> <span class='ocrx_word' id='word_1_107' title='bbox 2270 1156 2463 1233; x_wconf 83' lang='lat' dir='ltr'><strong>agitur</strong></span> 
     </span>
    </p>

    <p class='ocr_par' dir='ltr' id='par_1_6' title="bbox 183 1235 2597 1995">
     <span class='ocr_line' id='line_1_13' title="bbox 183 1235 2465 1319; baseline -0.001 -16"><span class='ocrx_word' id='word_1_108' title='bbox 183 1279 192 1291; x_wconf 90' lang='lat'><strong>·</strong></span> <span class='ocrx_word' id='word_1_109' title='bbox 247 1261 370 1303; x_wconf 91' lang='lat' dir='ltr'><strong>non</strong></span> <span class='ocrx_word' id='word_1_110' title='bbox 408 1240 596 1303; x_wconf 91' lang='lat' dir='ltr'><strong>solum</strong></span> <span class='ocrx_word' id='word_1_111' title='bbox 628 1241 851 1319; x_wconf 86' lang='lat' dir='ltr'><strong>ingenii</strong></span> <span class='ocrx_word' id='word_1_112' title='bbox 879 1241 1067 1300; x_wconf 83' lang='lat' dir='ltr'><strong>nostri</strong></span> <span class='ocrx_word' id='word_1_113' title='bbox 1097 1239 1447 1299; x_wconf 79' lang='lat' dir='ltr'><strong>existimatio</strong></span> <span class='ocrx_word' id='word_1_114' title='bbox 1503 1235 1657 1316; x_wconf 87' lang='lat' dir='ltr'><strong>(nam</strong></span> <span class='ocrx_word' id='word_1_115' title='bbox 1697 1236 1759 1298; x_wconf 92' lang='lat' dir='ltr'><strong>id</strong></span> <span class='ocrx_word' id='word_1_116' title='bbox 1802 1244 1957 1299; x_wconf 88' lang='lat' dir='ltr'><strong>esset</strong></span> <span class='ocrx_word' id='word_1_117' title='bbox 1994 1236 2207 1307; x_wconf 88' lang='lat' dir='ltr'><strong>levius;</strong></span> <span class='ocrx_word' id='word_1_118' title='bbox 2261 1257 2465 1319; x_wconf 89' lang='lat' dir='ltr'><strong>quam-</strong></span> 
     </span>
     <span class='ocr_line' id='line_1_14' title="bbox 249 1321 2466 1408; baseline -0.002 -20"><span class='ocrx_word' id='word_1_119' title='bbox 249 1345 448 1408; x_wconf 88' lang='lat' dir='ltr'><strong>quam,</strong></span> <span class='ocrx_word' id='word_1_120' title='bbox 481 1344 614 1387; x_wconf 91' lang='lat' dir='ltr'><strong>cum</strong></span> <span class='ocrx_word' id='word_1_121' title='bbox 644 1325 944 1406; x_wconf 80' lang='lat' dir='ltr'><strong>professus</strong></span> <span class='ocrx_word' id='word_1_122' title='bbox 973 1325 1054 1385; x_wconf 86' lang='lat' dir='ltr'><strong>sis</strong></span> <span class='ocrx_word' id='word_1_123' title='bbox 1082 1330 1142 1384; x_wconf 88' lang='lat' dir='ltr'><strong>te</strong></span> <span class='ocrx_word' id='word_1_124' title='bbox 1170 1322 1230 1382; x_wconf 88' lang='lat' dir='ltr'><strong>id</strong></span> <span class='ocrx_word' id='word_1_125' title='bbox 1262 1340 1435 1402; x_wconf 90' lang='lat' dir='ltr'><strong>posse</strong></span> <span class='ocrx_word' id='word_1_126' title='bbox 1463 1321 1692 1390; x_wconf 86' lang='lat' dir='ltr'><strong>facere,</strong></span> <span class='ocrx_word' id='word_1_127' title='bbox 1726 1321 1883 1402; x_wconf 90' lang='lat' dir='ltr'><strong>quod</strong></span> <span class='ocrx_word' id='word_1_128' title='bbox 1909 1324 2109 1402; x_wconf 78' lang='lat' dir='ltr'><strong>pauc-i,</strong></span> <span class='ocrx_word' id='word_1_129' title='bbox 2143 1341 2218 1383; x_wconf 91' lang='lat' dir='ltr'><strong>ne</strong></span> <span class='ocrx_word' id='word_1_130' title='bbox 2247 1324 2306 1384; x_wconf 89' lang='lat' dir='ltr'><strong>id</strong></span> <span class='ocrx_word' id='word_1_131' title='bbox 2337 1325 2466 1403; x_wconf 90' lang='lat' dir='ltr'><strong>qui·</strong></span> 
     </span>
     <span class='ocr_line' id='line_1_15' title="bbox 249 1405 2464 1490; baseline -0.002 -18"><span class='ocrx_word' id='word_1_132' title='bbox 249 1412 389 1473; x_wconf 89' lang='lat' dir='ltr'><strong>dem</strong></span> <span class='ocrx_word' id='word_1_133' title='bbox 423 1408 851 1490; x_wconf 86' lang='lat' dir='ltr'><strong>neglegendum</strong></span> <span class='ocrx_word' id='word_1_134' title='bbox 883 1408 1021 1488; x_wconf 92' lang='lat' dir='ltr'><strong>est),</strong></span> <span class='ocrx_word' id='word_1_135' title='bbox 1055 1407 1159 1469; x_wconf 89' lang='lat' dir='ltr'><strong>sed</strong></span> <span class='ocrx_word' id='word_1_136' title='bbox 1188 1405 1300 1467; x_wconf 85' lang='lat' dir='ltr'><strong>alia</strong></span> <span class='ocrx_word' id='word_1_137' title='bbox 1329 1413 1468 1468; x_wconf 91' lang='lat' dir='ltr'><strong>sunt</strong></span> <span class='ocrx_word' id='word_1_138' title='bbox 1498 1407 1719 1467; x_wconf 87' lang='lat' dir='ltr'><strong>maiora</strong></span> <span class='ocrx_word' id='word_1_139' title='bbox 1748 1405 1953 1478; x_wconf 88' lang='lat' dir='ltr'><strong>multo,</strong></span> <span class='ocrx_word' id='word_1_140' title='bbox 1983 1406 2155 1476; x_wconf 87' lang='lat' dir='ltr'><strong>fides,</strong></span> <span class='ocrx_word' id='word_1_141' title='bbox 2187 1407 2464 1476; x_wconf 84' lang='lat' dir='ltr'><strong>officium,</strong></span> 
     </span>
     <span class='ocr_line' id='line_1_16' title="bbox 251 1488 2467 1575; baseline -0.002 -19"><span class='ocrx_word' id='word_1_142' title='bbox 251 1495 587 1574; x_wconf 84' lang='lat' dir='ltr'><strong>diligentia,</strong></span> <span class='ocrx_word' id='word_1_143' title='bbox 641 1492 853 1575; x_wconf 90' lang='lat' dir='ltr'><strong>quibus</strong></span> <span class='ocrx_word' id='word_1_144' title='bbox 881 1492 1062 1554; x_wconf 87' lang='lat' dir='ltr'><strong>rebus</strong></span> <span class='ocrx_word' id='word_1_145' title='bbox 1091 1490 1357 1561; x_wconf 88' lang='lat' dir='ltr'><strong>adducti,</strong></span> <span class='ocrx_word' id='word_1_146' title='bbox 1402 1491 1577 1551; x_wconf 87' lang='lat' dir='ltr'><strong>etiam</strong></span> <span class='ocrx_word' id='word_1_147' title='bbox 1618 1508 1751 1551; x_wconf 91' lang='lat' dir='ltr'><strong>cum</strong></span> <span class='ocrx_word' id='word_1_148' title='bbox 1783 1488 2171 1552; x_wconf 87' lang='lat' dir='ltr'><strong>alienissimos</strong></span> <span class='ocrx_word' id='word_1_149' title='bbox 2201 1492 2467 1553; x_wconf 79' lang='lat' dir='ltr'><strong>defendi-</strong></span> 
     </span>
     <span class='ocr_line' id='line_1_17' title="bbox 248 1572 2466 1655; baseline -0.002 -13"><span class='ocrx_word' id='word_1_150' title='bbox 248 1599 406 1650; x_wconf 79' lang='lat' dir='ltr'><strong>muS,</strong></span> <span class='ocrx_word' id='word_1_151' title='bbox 438 1587 635 1640; x_wconf 88' lang='lat' dir='ltr'><strong>tamen</strong></span> <span class='ocrx_word' id='word_1_152' title='bbox 667 1597 768 1639; x_wconf 92' lang='lat' dir='ltr'><strong>eos</strong></span> <span class='ocrx_word' id='word_1_153' title='bbox 796 1576 1038 1647; x_wconf 90' lang='lat' dir='ltr'><strong>alienos,</strong></span> <span class='ocrx_word' id='word_1_154' title='bbox 1071 1578 1121 1638; x_wconf 93' lang='lat' dir='ltr'><strong>si</strong></span> <span class='ocrx_word' id='word_1_155' title='bbox 1149 1577 1264 1655; x_wconf 90' lang='lat' dir='ltr'><strong>ipsi</strong></span> <span class='ocrx_word' id='word_1_156' title='bbox 1291 1577 1400 1636; x_wconf 85' lang='lat' dir='ltr'><strong>viri</strong></span> <span class='ocrx_word' id='word_1_157' title='bbox 1421 1574 1565 1637; x_wconf 85' lang='lat' dir='ltr'><strong>boni</strong></span> <span class='ocrx_word' id='word_1_158' title='bbox 1585 1572 1853 1636; x_wconf 86' lang='lat' dir='ltr'><strong>volumus</strong></span> <span class='ocrx_word' id='word_1_159' title='bbox 1872 1575 2098 1644; x_wconf 87' lang='lat' dir='ltr'><strong>haberi,</strong></span> <span class='ocrx_word' id='word_1_160' title='bbox 2131 1578 2466 1637; x_wconf 85' lang='lat' dir='ltr'><strong>existimare</strong></span> 
     </span>
     <span class='ocr_line' id='line_1_18' title="bbox 250 1658 2597 1743; baseline -0 -17"><span class='ocrx_word' id='word_1_161' title='bbox 250 1683 372 1726; x_wconf 92' lang='lat' dir='ltr'><strong>non</strong></span> <span class='ocrx_word' id='word_1_162' title='bbox 404 1681 745 1743; x_wconf 88' lang='lat' dir='ltr'><strong>possumus;</strong></span> <span class='ocrx_word' id='word_1_163' title='bbox 777 1662 881 1722; x_wconf 89' lang='lat' dir='ltr'><strong>sed</strong></span> <span class='ocrx_word' id='word_1_164' title='bbox 900 1709 915 1732; x_wconf 99' lang='lat'><strong>,</strong></span> <span class='ocrx_word' id='word_1_165' title='bbox 947 1669 1013 1722; x_wconf 88' lang='lat' dir='ltr'><strong>ut</strong></span> <span class='ocrx_word' id='word_1_166' title='bbox 1043 1662 1191 1729; x_wconf 84' lang='lat' dir='ltr'><strong>dixi,</strong></span> <span class='ocrx_word' id='word_1_167' title='bbox 1236 1678 1311 1720; x_wconf 91' lang='lat' dir='ltr'><strong>ne</strong></span> <span class='ocrx_word' id='word_1_168' title='bbox 1340 1659 1454 1720; x_wconf 90' lang='lat' dir='ltr'><strong>hoc</strong></span> <span class='ocrx_word' id='word_1_169' title='bbox 1484 1661 1547 1719; x_wconf 91' lang='lat' dir='ltr'><strong>in</strong></span> <span class='ocrx_word' id='word_1_170' title='bbox 1577 1658 1749 1720; x_wconf 86' lang='lat' dir='ltr'><strong>nobis</strong></span> <span class='ocrx_word' id='word_1_171' title='bbox 1777 1660 1992 1720; x_wconf 86' lang='lat' dir='ltr'><strong>mirum</strong></span> <span class='ocrx_word' id='word_1_172' title='bbox 2024 1678 2155 1721; x_wconf 90' lang='lat' dir='ltr'><strong>esse</strong></span> <span class='ocrx_word' id='word_1_173' title='bbox 2183 1660 2464 1731; x_wconf 85' lang='lat' dir='ltr'><strong>videatur,</strong></span> <span class='ocrx_word' id='word_1_174' title='bbox 2499 1672 2597 1725; x_wconf 83' lang='lat'><strong>193</strong></span> 
     </span>
     <span class='ocr_line' id='line_1_19' title="bbox 250 1744 2467 1830; baseline -0.002 -20"><span class='ocrx_word' id='word_1_175' title='bbox 250 1748 396 1830; x_wconf 85' lang='lat' dir='ltr'><strong>quid</strong></span> <span class='ocrx_word' id='word_1_176' title='bbox 424 1754 618 1828; x_wconf 90' lang='lat' dir='ltr'><strong>potest</strong></span> <span class='ocrx_word' id='word_1_177' title='bbox 647 1766 777 1809; x_wconf 90' lang='lat' dir='ltr'><strong>esse</strong></span> <span class='ocrx_word' id='word_1_178' title='bbox 807 1755 924 1807; x_wconf 89' lang='lat' dir='ltr'><strong>tam</strong></span> <span class='ocrx_word' id='word_1_179' title='bbox 955 1747 1155 1806; x_wconf 83' lang='lat' dir='ltr'><strong>fictum</strong></span> <span class='ocrx_word' id='word_1_180' title='bbox 1184 1763 1359 1824; x_wconf 86' lang='lat' dir='ltr'><strong>quam</strong></span> <span class='ocrx_word' id='word_1_181' title='bbox 1389 1762 1622 1814; x_wconf 79' lang='lat' dir='ltr'><strong>versuS‚</strong></span> <span class='ocrx_word' id='word_1_182' title='bbox 1656 1762 1830 1824; x_wconf 82' lang='lat' dir='ltr'><strong>quam</strong></span> <span class='ocrx_word' id='word_1_183' title='bbox 1860 1761 2063 1814; x_wconf 86' lang='lat' dir='ltr'><strong>scena,</strong></span> <span class='ocrx_word' id='word_1_184' title='bbox 2096 1763 2270 1824; x_wconf 84' lang='lat' dir='ltr'><strong>quam</strong></span> <span class='ocrx_word' id='word_1_185' title='bbox 2300 1744 2467 1805; x_wconf 79' lang='lat' dir='ltr'><strong>sabu-</strong></span> 
     </span>
     <span class='ocr_line' id='line_1_20' title="bbox 249 1827 2468 1910; baseline -0.002 -16"><span class='ocrx_word' id='word_1_186' title='bbox 249 1832 381 1894; x_wconf 71' lang='lat' dir='ltr'><strong>lae?</strong></span> <span class='ocrx_word' id='word_1_187' title='bbox 440 1839 635 1893; x_wconf 89' lang='lat' dir='ltr'><strong>tamen</strong></span> <span class='ocrx_word' id='word_1_188' title='bbox 677 1833 739 1892; x_wconf 93' lang='lat' dir='ltr'><strong>in</strong></span> <span class='ocrx_word' id='word_1_189' title='bbox 768 1832 884 1892; x_wconf 92' lang='lat' dir='ltr'><strong>hoc</strong></span> <span class='ocrx_word' id='word_1_190' title='bbox 914 1848 1132 1910; x_wconf 87' lang='lat' dir='ltr'><strong>genere</strong></span> <span class='ocrx_word' id='word_1_191' title='bbox 1163 1847 1339 1909; x_wconf 88' lang='lat' dir='ltr'><strong>saepe</strong></span> <span class='ocrx_word' id='word_1_192' title='bbox 1367 1831 1496 1909; x_wconf 92' lang='lat' dir='ltr'><strong>ipse</strong></span> <span class='ocrx_word' id='word_1_193' title='bbox 1525 1827 1673 1901; x_wconf 84' lang='lat' dir='ltr'><strong>vidi,</strong></span> <span class='ocrx_word' id='word_1_194' title='bbox 1716 1835 1783 1890; x_wconf 91' lang='lat' dir='ltr'><strong>ut</strong></span> <span class='ocrx_word' id='word_1_195' title='bbox 1813 1848 1885 1890; x_wconf 86' lang='lat' dir='ltr'><strong>ex</strong></span> <span class='ocrx_word' id='word_1_196' title='bbox 1914 1847 2169 1908; x_wconf 85' lang='lat' dir='ltr'><strong>persona</strong></span> <span class='ocrx_word' id='word_1_197' title='bbox 2199 1829 2344 1892; x_wconf 89' lang='lat' dir='ltr'><strong>mihi</strong></span> <span class='ocrx_word' id='word_1_198' title='bbox 2373 1848 2468 1891; x_wconf 90' lang='lat' dir='ltr'><strong>ar·</strong></span> 
     </span>
     <span class='ocr_line' id='line_1_21' title="bbox 252 1912 2553 1995; baseline 0 -18"><span class='ocrx_word' id='word_1_199' title='bbox 252 1916 400 1977; x_wconf 89' lang='lat' dir='ltr'><strong>dere</strong></span> <span class='ocrx_word' id='word_1_200' title='bbox 441 1914 597 1976; x_wconf 89' lang='lat' dir='ltr'><strong>oculi</strong></span> <span class='ocrx_word' id='word_1_201' title='bbox 638 1916 894 1977; x_wconf 86' lang='lat' dir='ltr'><strong>hominis</strong></span> <span class='ocrx_word' id='word_1_202' title='bbox 933 1915 1237 1975; x_wconf 86' lang='lat' dir='ltr'><strong>histrionis</strong></span> <span class='ocrx_word' id='word_1_203' title='bbox 1277 1912 1619 1975; x_wconf 85' lang='lat' dir='ltr'><strong>viderentur</strong></span> <span class='ocrx_word' id='word_1_204' title='bbox 1659 1921 1724 1976; x_wconf 81' lang='lat' dir='ltr'><strong>ut</strong></span> <span class='ocrx_word' id='word_1_205' title='bbox 1758 1932 1871 1974; x_wconf 79' lang='lat' dir='ltr'><strong>sua</strong></span> <span class='ocrx_word' id='word_1_206' title='bbox 1907 1925 2113 1992; x_wconf 77' lang='lat' dir='ltr'><strong>sponte</strong></span> <span class='ocrx_word' id='word_1_207' title='bbox 2139 1918 2342 1976; x_wconf 77' lang='lat' dir='ltr'><strong>aliena</strong></span> <span class='ocrx_word' id='word_1_208' title='bbox 2381 1914 2469 1978; x_wconf 84' lang='lat' dir='ltr'><strong>di·</strong></span> <span class='ocrx_word' id='word_1_209' title='bbox 2545 1989 2553 1995; x_wconf 38' lang='grc'>,</span> 
     </span>
    </p>
   </div>
   <div class='ocr_carea' id='block_1_4' title="bbox 249 2001 470 2062">
    <p class='ocr_par' dir='ltr' id='par_1_7' title="bbox 249 2001 470 2062">
     <span class='ocr_line' id='line_1_22' title="bbox 249 2001 470 2062; baseline -0.009 0"><span class='ocrx_word' id='word_1_210' title='bbox 249 2001 470 2062; x_wconf 86' lang='lat' dir='ltr'><strong>centis:</strong></span> 
     </span>
    </p>
   </div>
   <div class='ocr_carea' id='block_1_5' title="bbox 246 2199 1316 3552">
    <p class='ocr_par' dir='ltr' id='par_1_8' title="bbox 246 2199 1315 3147">
     <span class='ocr_line' id='line_1_23' title="bbox 316 2199 1313 2268; baseline -0.002 -15"><span class='ocrx_word' id='word_1_211' title='bbox 316 2201 413 2267; x_wconf 75' lang='lat'><strong>46,</strong></span> <span class='ocrx_word' id='word_1_212' title='bbox 450 2212 541 2253; x_wconf 78' lang='lat'><strong>19².</strong></span> <span class='ocrx_word' id='word_1_213' title='bbox 584 2203 766 2268; x_wconf 71' lang='lat' dir='ltr'><strong>pauci,</strong></span> <span class='ocrx_word' id='word_1_214' title='bbox 800 2202 824 2251; x_wconf 95' lang='lat' dir='ltr'>I</span> <span class='ocrx_word' id='word_1_215' title='bbox 845 2199 899 2265; x_wconf 87' lang='lat'><strong>8,</strong></span> <span class='ocrx_word' id='word_1_216' title='bbox 925 2210 995 2254; x_wconf 82' lang='grc'>31.</span> <span class='ocrx_word' id='word_1_217' title='bbox 1041 2217 1104 2252; x_wconf 75' lang='lat' dir='ltr'><strong>ne</strong></span> <span class='ocrx_word' id='word_1_218' title='bbox 1125 2202 1183 2252; x_wconf 82' lang='lat' dir='ltr'><strong>id</strong></span> <span class='ocrx_word' id='word_1_219' title='bbox 1203 2202 1313 2267; x_wconf 76' lang='lat' dir='ltr'><strong>qui·</strong></span> 
     </span>
     <span class='ocr_line' id='line_1_24' title="bbox 251 2267 1306 2337; baseline -0.007 -12"><span class='ocrx_word' id='word_1_220' title='bbox 251 2273 389 2333; x_wconf 76' lang='lat' dir='ltr'><strong>dent,</strong></span> <span class='ocrx_word' id='word_1_221' title='bbox 424 2267 563 2337; x_wconf 70' lang='lat'><strong>881.</strong></span> <span class='ocrx_word' id='word_1_222' title='bbox 609 2272 706 2322; x_wconf 80' lang='lat' dir='ltr'><strong>sed</strong></span> <span class='ocrx_word' id='word_1_223' title='bbox 736 2272 840 2321; x_wconf 77' lang='lat' dir='ltr'><strong>alia</strong></span> <span class='ocrx_word' id='word_1_224' title='bbox 872 2278 991 2321; x_wconf 76' lang='lat' dir='ltr'><strong>sunt</strong></span> <span class='ocrx_word' id='word_1_225' title='bbox 1022 2270 1146 2319; x_wconf 81' lang='lat' dir='ltr'><strong>wird</strong></span> <span class='ocrx_word' id='word_1_226' title='bbox 1179 2268 1306 2319; x_wconf 78' lang='lat' dir='ltr'><strong>nach</strong></span> 
     </span>
     <span class='ocr_line' id='line_1_25' title="bbox 250 2336 1308 2391; baseline -0.004 0"><span class='ocrx_word' id='word_1_227' title='bbox 250 2340 344 2391; x_wconf 80' lang='lat' dir='ltr'><strong>der</strong></span> <span class='ocrx_word' id='word_1_228' title='bbox 374 2339 682 2391; x_wconf 76' lang='lat' dir='ltr'><strong>Parenthese</strong></span> <span class='ocrx_word' id='word_1_229' title='bbox 732 2354 815 2388; x_wconf 88' lang='lat' dir='ltr'><strong>um</strong></span> <span class='ocrx_word' id='word_1_230' title='bbox 855 2338 946 2389; x_wconf 89' lang='lat' dir='ltr'><strong>des</strong></span> <span class='ocrx_word' id='word_1_231' title='bbox 981 2336 1308 2388; x_wconf 70' lang='lat' dir='ltr'><strong>Nachdrucks</strong></span> 
     </span>
     <span class='ocr_line' id='line_1_26' title="bbox 250 2406 1311 2471; baseline -0.004 -14"><span class='ocrx_word' id='word_1_232' title='bbox 250 2408 419 2457; x_wconf 79' lang='lat' dir='ltr'><strong>willen</strong></span> <span class='ocrx_word' id='word_1_233' title='bbox 443 2408 764 2471; x_wconf 70' lang='lat' dir='ltr'><strong>selbstfindig</strong></span> <span class='ocrx_word' id='word_1_234' title='bbox 799 2406 1139 2471; x_wconf 74' lang='lat' dir='ltr'><strong>fortgefabreu</strong></span> <span class='ocrx_word' id='word_1_235' title='bbox 1165 2406 1311 2467; x_wconf 73' lang='lat' dir='ltr'><strong>(stati.</strong></span> 
     </span>
     <span class='ocr_line' id='line_1_27' title="bbox 250 2472 1310 2538; baseline -0.003 -13"><span class='ocrx_word' id='word_1_236' title='bbox 250 2475 351 2525; x_wconf 66' lang='lat' dir='ltr'><strong>alia</strong></span> <span class='ocrx_word' id='word_1_237' title='bbox 368 2475 558 2524; x_wconf 77' lang='lat' dir='ltr'><strong>maiora</strong></span> <span class='ocrx_word' id='word_1_238' title='bbox 577 2475 733 2525; x_wconf 86' lang='lat' dir='ltr'><strong>multo</strong></span> <span class='ocrx_word' id='word_1_239' title='bbox 752 2489 829 2524; x_wconf 81' lang='lat' dir='ltr'><strong>sc.</strong></span> <span class='ocrx_word' id='word_1_240' title='bbox 846 2472 1122 2538; x_wconf 81' lang='lat' dir='ltr'><strong>aguntur);</strong></span> <span class='ocrx_word' id='word_1_241' title='bbox 1149 2474 1213 2522; x_wconf 81' lang='lat' dir='ltr'><strong>ds</strong></span> <span class='ocrx_word' id='word_1_242' title='bbox 1232 2473 1310 2522; x_wconf 86' lang='lat' dir='ltr'><strong>bei</strong></span> 
     </span>
     <span class='ocr_line' id='line_1_28' title="bbox 246 2540 1309 2607; baseline 0 -17"><span class='ocrx_word' id='word_1_243' title='bbox 246 2542 397 2607; x_wconf 86' lang='lat' dir='ltr'><strong>jeder</strong></span> <span class='ocrx_word' id='word_1_244' title='bbox 440 2543 812 2606; x_wconf 82' lang='lat' dir='ltr'><strong>Verteidigung</strong></span> <span class='ocrx_word' id='word_1_245' title='bbox 864 2542 948 2591; x_wconf 90' lang='lat' dir='ltr'><strong>die</strong></span> <span class='ocrx_word' id='word_1_246' title='bbox 991 2540 1309 2604; x_wconf 75' lang='lat' dir='ltr'><strong>wichtigsten</strong></span> 
     </span>
     <span class='ocr_line' id='line_1_29' title="bbox 251 2606 1315 2674; baseline -0.004 -13"><span class='ocrx_word' id='word_1_247' title='bbox 251 2610 417 2674; x_wconf 88' lang='lat' dir='ltr'><strong>Dinge</strong></span> <span class='ocrx_word' id='word_1_248' title='bbox 450 2609 534 2659; x_wconf 78' lang='lat' dir='ltr'><strong>fiir</strong></span> <span class='ocrx_word' id='word_1_249' title='bbox 569 2610 668 2660; x_wconf 89' lang='lat' dir='ltr'><strong>den</strong></span> <span class='ocrx_word' id='word_1_250' title='bbox 687 2609 1004 2672; x_wconf 82' lang='lat' dir='ltr'><strong>Verteidiger</strong></span> <span class='ocrx_word' id='word_1_251' title='bbox 1038 2608 1201 2658; x_wconf 83' lang='lat' dir='ltr'><strong>selbst</strong></span> <span class='ocrx_word' id='word_1_252' title='bbox 1221 2606 1315 2657; x_wconf 73' lang='lat' dir='ltr'><strong>aul·</strong></span> 
     </span>
     <span class='ocr_line' id='line_1_30' title="bbox 252 2673 1312 2741; baseline -0.003 -14"><span class='ocrx_word' id='word_1_253' title='bbox 252 2677 368 2729; x_wconf 80' lang='lat' dir='ltr'><strong>dem</strong></span> <span class='ocrx_word' id='word_1_254' title='bbox 396 2676 568 2741; x_wconf 87' lang='lat' dir='ltr'><strong>Spiele</strong></span> <span class='ocrx_word' id='word_1_255' title='bbox 590 2676 800 2738; x_wconf 62' lang='lat' dir='ltr'><strong>ssehen,</strong></span> <span class='ocrx_word' id='word_1_256' title='bbox 842 2691 900 2725; x_wconf 87' lang='lat' dir='ltr'><strong>so</strong></span> <span class='ocrx_word' id='word_1_257' title='bbox 935 2676 1070 2724; x_wconf 80' lang='lat' dir='ltr'><strong>kann</strong></span> <span class='ocrx_word' id='word_1_258' title='bbox 1094 2690 1149 2724; x_wconf 87' lang='lat' dir='ltr'><strong>er</strong></span> <span class='ocrx_word' id='word_1_259' title='bbox 1176 2673 1312 2724; x_wconf 87' lang='lat' dir='ltr'><strong>nicht</strong></span> 
     </span>
     <span class='ocr_line' id='line_1_31' title="bbox 250 2741 1310 2808; baseline -0.003 -14"><span class='ocrx_word' id='word_1_260' title='bbox 250 2744 554 2808; x_wconf 86' lang='lat' dir='ltr'><strong>nubeteiligt</strong></span> <span class='ocrx_word' id='word_1_261' title='bbox 589 2744 816 2802; x_wconf 78' lang='lat' dir='ltr'><strong>bleiben,</strong></span> <span class='ocrx_word' id='word_1_262' title='bbox 860 2742 990 2793; x_wconf 81' lang='lat' dir='ltr'><strong>auch</strong></span> <span class='ocrx_word' id='word_1_263' title='bbox 1024 2757 1170 2791; x_wconf 81' lang='lat' dir='ltr'><strong>wenn</strong></span> <span class='ocrx_word' id='word_1_264' title='bbox 1203 2741 1310 2791; x_wconf 87' lang='lat' dir='ltr'><strong>ihm</strong></span> 
     </span>
     <span class='ocr_line' id='line_1_32' title="bbox 253 2809 1313 2875; baseline -0.002 -15"><span class='ocrx_word' id='word_1_265' title='bbox 253 2811 370 2868; x_wconf 83' lang='lat' dir='ltr'><strong>die,</strong></span> <span class='ocrx_word' id='word_1_266' title='bbox 411 2809 602 2859; x_wconf 81' lang='lat' dir='ltr'><strong>welche</strong></span> <span class='ocrx_word' id='word_1_267' title='bbox 637 2825 691 2859; x_wconf 91' lang='lat' dir='ltr'><strong>er</strong></span> <span class='ocrx_word' id='word_1_268' title='bbox 727 2826 793 2859; x_wconf 92' lang='grc' dir='ltr'><strong>ιιι</strong></span> <span class='ocrx_word' id='word_1_269' title='bbox 828 2811 1141 2875; x_wconf 77' lang='lat' dir='ltr'><strong>verteidigen</strong></span> <span class='ocrx_word' id='word_1_270' title='bbox 1160 2811 1313 2859; x_wconf 71' lang='lat' dir='ltr'><strong>fiber·</strong></span> 
     </span>
     <span class='ocr_line' id='line_1_33' title="bbox 252 2877 1314 2942; baseline 0.001 -15"><span class='ocrx_word' id='word_1_271' title='bbox 252 2892 494 2928; x_wconf 87' lang='lat' dir='ltr'><strong>nommen</strong></span> <span class='ocrx_word' id='word_1_272' title='bbox 540 2878 651 2940; x_wconf 80' lang='lat' dir='ltr'><strong>hat,</strong></span> <span class='ocrx_word' id='word_1_273' title='bbox 721 2877 1010 2942; x_wconf 72' lang='lat' dir='ltr'><strong>personlich</strong></span> <span class='ocrx_word' id='word_1_274' title='bbox 1066 2877 1314 2928; x_wconf 68' lang='lat' dir='ltr'><strong>zunfichst</strong></span> 
     </span>
     <span class='ocr_line' id='line_1_34' title="bbox 250 2945 1315 3011; baseline -0.002 -14"><span class='ocrx_word' id='word_1_275' title='bbox 250 2961 388 3011; x_wconf 77' lang='lat' dir='ltr'><strong>ganz</strong></span> <span class='ocrx_word' id='word_1_276' title='bbox 421 2946 533 2996; x_wconf 62' lang='lat' dir='ltr'><strong>forn</strong></span> <span class='ocrx_word' id='word_1_277' title='bbox 566 2945 763 2997; x_wconf 82' lang='lat' dir='ltr'><strong>stehen.</strong></span> <span class='ocrx_word' id='word_1_278' title='bbox 811 2947 937 2996; x_wconf 80' lang='lat' dir='ltr'><strong>Jede</strong></span> <span class='ocrx_word' id='word_1_279' title='bbox 970 2946 1165 2996; x_wconf 80' lang='lat' dir='ltr'><strong>fremde</strong></span> <span class='ocrx_word' id='word_1_280' title='bbox 1187 2946 1315 2996; x_wconf 84' lang='lat' dir='ltr'><strong>Ver-</strong></span> 
     </span>
     <span class='ocr_line' id='line_1_35' title="bbox 252 3012 1311 3079; baseline 0.001 -16"><span class='ocrx_word' id='word_1_281' title='bbox 252 3014 519 3078; x_wconf 81' lang='lat' dir='ltr'><strong>teidigung</strong></span> <span class='ocrx_word' id='word_1_282' title='bbox 536 3015 601 3065; x_wconf 88' lang='lat' dir='ltr'><strong>ist</strong></span> <span class='ocrx_word' id='word_1_283' title='bbox 617 3015 1063 3079; x_wconf 81' lang='lat' dir='ltr'><strong>gewissermassen</strong></span> <span class='ocrx_word' id='word_1_284' title='bbox 1076 3012 1204 3063; x_wconf 80' lang='lat' dir='ltr'><strong>anch</strong></span> <span class='ocrx_word' id='word_1_285' title='bbox 1220 3029 1311 3064; x_wconf 85' lang='grc' dir='ltr'>ιιι-</span> 
     </span>
     <span class='ocr_line' id='line_1_36' title="bbox 250 3081 1170 3147; baseline 0.002 -16"><span class='ocrx_word' id='word_1_286' title='bbox 250 3081 420 3146; x_wconf 81' lang='lat' dir='ltr'><strong>gleich</strong></span> <span class='ocrx_word' id='word_1_287' title='bbox 444 3083 556 3131; x_wconf 91' lang='lat' dir='ltr'><strong>eine</strong></span> <span class='ocrx_word' id='word_1_288' title='bbox 580 3083 759 3147; x_wconf 87' lang='lat' dir='ltr'><strong>eigene</strong></span> <span class='ocrx_word' id='word_1_289' title='bbox 780 3083 1170 3147; x_wconf 75' lang='lat' dir='ltr'><strong>Verteidigung.</strong></span> 
     </span>
    </p>

    <p class='ocr_par' dir='ltr' id='par_1_9' title="bbox 250 3148 1315 3401">
     <span class='ocr_line' id='line_1_37' title="bbox 321 3148 1315 3209; baseline -0.001 -9"><span class='ocrx_word' id='word_1_290' title='bbox 321 3158 413 3200; x_wconf 81' lang='grc'>193.</span> <span class='ocrx_word' id='word_1_291' title='bbox 441 3150 547 3200; x_wconf 80' lang='lat' dir='ltr'><strong>&#39;sed</strong></span> <span class='ocrx_word' id='word_1_292' title='bbox 567 3148 623 3200; x_wconf 73' lang='lat' dir='ltr'><strong>ait</strong></span> <span class='ocrx_word' id='word_1_293' title='bbox 645 3152 786 3209; x_wconf 73' lang='lat' dir='ltr'><strong>dixi,</strong></span> <span class='ocrx_word' id='word_1_294' title='bbox 825 3151 1004 3200; x_wconf 87' lang='lat' dir='ltr'><strong>nimmt</strong></span> <span class='ocrx_word' id='word_1_295' title='bbox 1027 3151 1125 3201; x_wconf 84' lang='lat' dir='ltr'><strong>den</strong></span> <span class='ocrx_word' id='word_1_296' title='bbox 1152 3148 1315 3200; x_wconf 80' lang='lat' dir='ltr'><strong>durch</strong></span> 
     </span>
     <span class='ocr_line' id='line_1_38' title="bbox 252 3216 1314 3282; baseline -0.003 -14"><span class='ocrx_word' id='word_1_297' title='bbox 252 3216 341 3268; x_wconf 85' lang='lat' dir='ltr'><strong>die</strong></span> <span class='ocrx_word' id='word_1_298' title='bbox 350 3216 658 3268; x_wconf 79' lang='lat' dir='ltr'><strong>Parenthese</strong></span> <span class='ocrx_word' id='word_1_299' title='bbox 678 3235 728 3268; x_wconf 93' lang='lat' dir='ltr'><strong>u.</strong></span> <span class='ocrx_word' id='word_1_300' title='bbox 748 3219 832 3266; x_wconf 90' lang='lat' dir='ltr'><strong>die</strong></span> <span class='ocrx_word' id='word_1_301' title='bbox 849 3218 1121 3282; x_wconf 75' lang='lat' dir='ltr'><strong>folgenden</strong></span> <span class='ocrx_word' id='word_1_302' title='bbox 1133 3218 1314 3269; x_wconf 81' lang='lat' dir='ltr'><strong>Worte</strong></span> 
     </span>
     <span class='ocr_line' id='line_1_39' title="bbox 251 3283 1312 3351; baseline 0 -16"><span class='ocrx_word' id='word_1_303' title='bbox 251 3284 688 3335; x_wconf 82' lang='lat' dir='ltr'><strong>unterbrochenen</strong></span> <span class='ocrx_word' id='word_1_304' title='bbox 720 3285 891 3336; x_wconf 80' lang='lat' dir='ltr'><strong>Faden</strong></span> <span class='ocrx_word' id='word_1_305' title='bbox 925 3288 1015 3349; x_wconf 88' lang='lat' dir='ltr'><strong>(ne</strong></span> <span class='ocrx_word' id='word_1_306' title='bbox 1043 3283 1312 3351; x_wconf 85' lang='lat' dir='ltr'><strong>miremur)</strong></span> 
     </span>
     <span class='ocr_line' id='line_1_40' title="bbox 250 3351 567 3401; baseline 0 0"><span class='ocrx_word' id='word_1_307' title='bbox 250 3352 440 3401; x_wconf 74' lang='lat' dir='ltr'><strong>wieder</strong></span> <span class='ocrx_word' id='word_1_308' title='bbox 462 3351 567 3401; x_wconf 83' lang='lat' dir='ltr'><strong>auf.</strong></span> 
     </span>
    </p>

    <p class='ocr_par' dir='ltr' id='par_1_10' title="bbox 251 3418 1316 3552">
     <span class='ocr_line' id='line_1_41' title="bbox 318 3418 1315 3484; baseline 0.001 -15"><span class='ocrx_word' id='word_1_309' title='bbox 318 3419 374 3469; x_wconf 77' lang='lat' dir='ltr'><strong>in</strong></span> <span class='ocrx_word' id='word_1_310' title='bbox 391 3418 551 3480; x_wconf 77' lang='lat' dir='ltr'><strong>nobis,</strong></span> <span class='ocrx_word' id='word_1_311' title='bbox 575 3433 651 3468; x_wconf 86' lang='lat' dir='ltr'><strong>sc.</strong></span> <span class='ocrx_word' id='word_1_312' title='bbox 672 3419 955 3470; x_wconf 78' lang='lat' dir='ltr'><strong>oratoribus</strong></span> <span class='ocrx_word' id='word_1_313' title='bbox 972 3419 1163 3484; x_wconf 76' lang='lat' dir='ltr'><strong>(wofiir</strong></span> <span class='ocrx_word' id='word_1_314' title='bbox 1179 3420 1315 3470; x_wconf 81' lang='lat' dir='ltr'><strong>oben</strong></span> 
     </span>
     <span class='ocr_line' id='line_1_42' title="bbox 251 3485 1316 3552; baseline 0.001 -16"><span class='ocrx_word' id='word_1_315' title='bbox 251 3486 303 3536; x_wconf 87' lang='lat' dir='ltr'><strong>in</strong></span> <span class='ocrx_word' id='word_1_316' title='bbox 323 3487 512 3548; x_wconf 83' lang='lat' dir='ltr'><strong>causis,</strong></span> <span class='ocrx_word' id='word_1_317' title='bbox 540 3487 589 3535; x_wconf 90' lang='lat' dir='ltr'><strong>in</strong></span> <span class='ocrx_word' id='word_1_318' title='bbox 611 3486 813 3536; x_wconf 85' lang='lat' dir='ltr'><strong>iudiciis</strong></span> <span class='ocrx_word' id='word_1_319' title='bbox 831 3485 1012 3551; x_wconf 86' lang='lat' dir='ltr'><strong>steht),</strong></span> <span class='ocrx_word' id='word_1_320' title='bbox 1030 3488 1098 3537; x_wconf 85' lang='lat' dir='ltr'><strong>im</strong></span> <span class='ocrx_word' id='word_1_321' title='bbox 1112 3487 1316 3552; x_wconf 82' lang='lat' dir='ltr'><strong>Gegen·</strong></span> 
     </span>
    </p>
   </div>
   <div class='ocr_carea' id='block_1_6' title="bbox 148 3552 1020 3618">
    <p class='ocr_par' dir='ltr' id='par_1_11' title="bbox 148 3552 1020 3618">
     <span class='ocr_line' id='line_1_43' title="bbox 148 3552 1020 3618; baseline 0 -13"><span class='ocrx_word' id='word_1_322' title='bbox 148 3556 159 3561; x_wconf 79' lang='grc'><em>“</em></span> <span class='ocrx_word' id='word_1_323' title='bbox 251 3561 365 3607; x_wconf 70' lang='grc' dir='ltr'>ιιιι</span> <span class='ocrx_word' id='word_1_324' title='bbox 390 3569 456 3604; x_wconf 92' lang='grc' dir='ltr'><strong>ιιι</strong></span> <span class='ocrx_word' id='word_1_325' title='bbox 479 3553 577 3603; x_wconf 89' lang='lat' dir='ltr'><strong>den</strong></span> <span class='ocrx_word' id='word_1_326' title='bbox 605 3552 1020 3618; x_wconf 79' lang='lat' dir='ltr'><strong>Schanspielern.</strong></span> 
     </span>
    </p>
   </div>
   <div class='ocr_carea' id='block_1_7' title="bbox 252 3621 1318 4297">
    <p class='ocr_par' dir='ltr' id='par_1_12' title="bbox 252 3621 1318 3754">
     <span class='ocr_line' id='line_1_44' title="bbox 318 3621 1318 3688; baseline -0.001 -15"><span class='ocrx_word' id='word_1_327' title='bbox 318 3623 423 3673; x_wconf 77' lang='lat' dir='ltr'><strong>vidi</strong></span> <span class='ocrx_word' id='word_1_328' title='bbox 445 3630 499 3672; x_wconf 83' lang='lat' dir='ltr'><strong>ut</strong></span> <span class='ocrx_word' id='word_1_329' title='bbox 520 3623 830 3680; x_wconf 74' lang='lat' dir='ltr'><strong>viderentur,</strong></span> <span class='ocrx_word' id='word_1_330' title='bbox 856 3621 888 3683; x_wconf 76' lang='lat' dir='ltr'>S</span> <span class='ocrx_word' id='word_1_331' title='bbox 915 3621 1030 3673; x_wconf 83' lang='lat'><strong>151.</strong></span> <span class='ocrx_word' id='word_1_332' title='bbox 1066 3625 1198 3688; x_wconf 75' lang='lat' dir='ltr'><strong>ipse,</strong></span> <span class='ocrx_word' id='word_1_333' title='bbox 1225 3622 1318 3673; x_wconf 85' lang='lat' dir='ltr'><strong>mit</strong></span> 
     </span>
     <span class='ocr_line' id='line_1_45' title="bbox 252 3690 919 3754; baseline 0 -15"><span class='ocrx_word' id='word_1_334' title='bbox 252 3691 453 3739; x_wconf 86' lang='lat' dir='ltr'><strong>meinen</strong></span> <span class='ocrx_word' id='word_1_335' title='bbox 478 3690 696 3754; x_wconf 85' lang='lat' dir='ltr'><strong>eigenen</strong></span> <span class='ocrx_word' id='word_1_336' title='bbox 720 3692 919 3754; x_wconf 81' lang='lat' dir='ltr'><strong>Augen.</strong></span> 
     </span>
    </p>

    <p class='ocr_par' dir='ltr' id='par_1_13' title="bbox 254 3758 1316 3890">
     <span class='ocr_line' id='line_1_46' title="bbox 320 3758 1316 3823; baseline 0 -15"><span class='ocrx_word' id='word_1_337' title='bbox 320 3774 391 3809; x_wconf 76' lang='lat' dir='ltr'><strong>ex</strong></span> <span class='ocrx_word' id='word_1_338' title='bbox 410 3773 637 3822; x_wconf 76' lang='lat' dir='ltr'><strong>persona</strong></span> <span class='ocrx_word' id='word_1_339' title='bbox 670 3784 736 3793; x_wconf 92' lang='lat'><strong>—-</strong></span> <span class='ocrx_word' id='word_1_340' title='bbox 769 3773 863 3808; x_wconf 83' lang='lat' dir='ltr'><strong>aus</strong></span> <span class='ocrx_word' id='word_1_341' title='bbox 899 3758 998 3808; x_wconf 87' lang='lat' dir='ltr'><strong>den</strong></span> <span class='ocrx_word' id='word_1_342' title='bbox 1032 3758 1316 3823; x_wconf 74' lang='lat' dir='ltr'><strong>Augenc’iff·</strong></span> 
     </span>
     <span class='ocr_line' id='line_1_47' title="bbox 254 3825 1121 3890; baseline 0.005 -17"><span class='ocrx_word' id='word_1_343' title='bbox 254 3838 458 3890; x_wconf 81' lang='lat' dir='ltr'><strong>nungen</strong></span> <span class='ocrx_word' id='word_1_344' title='bbox 485 3825 577 3876; x_wconf 89' lang='lat' dir='ltr'><strong>der</strong></span> <span class='ocrx_word' id='word_1_345' title='bbox 611 3825 900 3889; x_wconf 75' lang='lat' dir='ltr'><strong>tragischen</strong></span> <span class='ocrx_word' id='word_1_346' title='bbox 927 3826 1121 3877; x_wconf 79' lang='lat' dir='ltr'><strong>Maske.</strong></span> 
     </span>
    </p>

    <p class='ocr_par' dir='ltr' id='par_1_14' title="bbox 253 3892 1314 4010">
     <span class='ocr_line' id='line_1_48' title="bbox 319 3892 1314 3958; baseline -0.001 -14"><span class='ocrx_word' id='word_1_347' title='bbox 319 3895 523 3955; x_wconf 74' lang='lat' dir='ltr'><strong>ardere,</strong></span> <span class='ocrx_word' id='word_1_348' title='bbox 545 3894 614 3941; x_wconf 91' lang='lat' dir='ltr'><strong>im</strong></span> <span class='ocrx_word' id='word_1_349' title='bbox 634 3893 967 3958; x_wconf 85' lang='lat' dir='ltr'><strong>eigentlichen</strong></span> <span class='ocrx_word' id='word_1_350' title='bbox 979 3893 1133 3953; x_wconf 88' lang='lat' dir='ltr'><strong>Sinn;</strong></span> <span class='ocrx_word' id='word_1_351' title='bbox 1154 3892 1314 3946; x_wconf 75' lang='lat' dir='ltr'><strong>daher</strong></span> 
     </span>
     <span class='ocr_line' id='line_1_49' title="bbox 253 3959 559 4010; baseline 0.003 -1"><span class='ocrx_word' id='word_1_352' title='bbox 253 3959 559 4010; x_wconf 81' lang='lat' dir='ltr'><strong>viderentur.</strong></span> 
     </span>
    </p>

    <p class='ocr_par' dir='ltr' id='par_1_15' title="bbox 253 4019 1312 4297">
     <span class='ocr_line' id='line_1_50' title="bbox 316 4019 1312 4096; baseline 0.002 -18"><span class='ocrx_word' id='word_1_353' title='bbox 316 4028 527 4079; x_wconf 71' lang='lat' dir='ltr'><strong>hominis</strong></span> <span class='ocrx_word' id='word_1_354' title='bbox 548 4028 829 4087; x_wconf 71' lang='lat' dir='ltr'><strong>histrionis,</strong></span> <span class='ocrx_word' id='word_1_355' title='bbox 856 4028 950 4078; x_wconf 77' lang='lat' dir='ltr'><strong>wie</strong></span> <span class='ocrx_word' id='word_1_356' title='bbox 973 4021 1123 4096; x_wconf 69' lang='grc' dir='ltr'><strong>ἀνὴρ</strong></span> <span class='ocrx_word' id='word_1_357' title='bbox 1146 4019 1312 4095; x_wconf 75' lang='grc' dir='ltr'>φιλό-</span> 
     </span>
     <span class='ocr_line' id='line_1_51' title="bbox 254 4089 1311 4162; baseline 0.005 -19"><span class='ocrx_word' id='word_1_358' title='bbox 254 4105 457 4161; x_wconf 75' lang='grc' dir='ltr'><strong><em>σοφος,</em></strong></span> <span class='ocrx_word' id='word_1_359' title='bbox 493 4089 789 4161; x_wconf 72' lang='grc' dir='ltr'>τραγικός,</span> <span class='ocrx_word' id='word_1_360' title='bbox 825 4089 1123 4162; x_wconf 72' lang='grc' dir='ltr'>μουσικός,</span> <span class='ocrx_word' id='word_1_361' title='bbox 1158 4097 1311 4148; x_wconf 82' lang='lat' dir='ltr'><strong>homo</strong></span> 
     </span>
     <span class='ocr_line' id='line_1_52' title="bbox 253 4165 1310 4230; baseline 0.009 -19"><span class='ocrx_word' id='word_1_362' title='bbox 253 4166 531 4222; x_wconf 84' lang='lat' dir='ltr'><strong>censorius,</strong></span> <span class='ocrx_word' id='word_1_363' title='bbox 555 4165 856 4229; x_wconf 78' lang='lat' dir='ltr'><strong>consularis,</strong></span> <span class='ocrx_word' id='word_1_364' title='bbox 877 4166 910 4226; x_wconf 68' lang='grc' dir='ltr'><strong>ξ</strong></span> <span class='ocrx_word' id='word_1_365' title='bbox 932 4165 1044 4230; x_wconf 80' lang='grc'>108,</span> <span class='ocrx_word' id='word_1_366' title='bbox 1065 4167 1148 4217; x_wconf 85' lang='lat' dir='ltr'><strong>bei</strong></span> <span class='ocrx_word' id='word_1_367' title='bbox 1159 4165 1310 4219; x_wconf 66' lang='lat' dir='ltr'><strong>Smn-</strong></span> 
     </span>
     <span class='ocr_line' id='line_1_53' title="bbox 253 4227 781 4297; baseline 0.006 -18"><span class='ocrx_word' id='word_1_368' title='bbox 253 4227 781 4297; x_wconf 83' lang='lat' dir='ltr'><strong>desbezeichnungen.</strong></span> 
     </span>
    </p>
   </div>
   <div class='ocr_carea' id='block_1_8' title="bbox 1409 2201 2480 4299">
    <p class='ocr_par' dir='ltr' id='par_1_16' title="bbox 1409 2201 2480 3756">
     <span class='ocr_line' id='line_1_54' title="bbox 1478 2201 2473 2265; baseline 0.002 -15"><span class='ocrx_word' id='word_1_369' title='bbox 1478 2206 1534 2250; x_wconf 70' lang='lat' dir='ltr'><strong>nt</strong></span> <span class='ocrx_word' id='word_1_370' title='bbox 1554 2216 1651 2252; x_wconf 76' lang='lat' dir='ltr'><strong>sua</strong></span> <span class='ocrx_word' id='word_1_371' title='bbox 1670 2207 1853 2265; x_wconf 69' lang='lat' dir='ltr'><strong>sponte</strong></span> <span class='ocrx_word' id='word_1_372' title='bbox 1875 2203 2061 2259; x_wconf 81' lang='lat' dir='ltr'><strong>aliena,</strong></span> <span class='ocrx_word' id='word_1_373' title='bbox 2085 2216 2131 2253; x_wconf 86' lang='lat' dir='ltr'><strong>s.</strong></span> <span class='ocrx_word' id='word_1_374' title='bbox 2151 2201 2203 2252; x_wconf 92' lang='lat' dir='ltr'><strong>d.</strong></span> <span class='ocrx_word' id='word_1_375' title='bbox 2229 2201 2346 2252; x_wconf 80' lang='lat' dir='ltr'><strong>krit.</strong></span> <span class='ocrx_word' id='word_1_376' title='bbox 2367 2202 2473 2252; x_wconf 79' lang='lat' dir='ltr'><strong>An-</strong></span> 
     </span>
     <span class='ocr_line' id='line_1_55' title="bbox 1410 2267 2472 2332; baseline 0.002 -15"><span class='ocrx_word' id='word_1_377' title='bbox 1410 2267 1566 2332; x_wconf 79' lang='lat' dir='ltr'><strong>hang.</strong></span> <span class='ocrx_word' id='word_1_378' title='bbox 1616 2268 1783 2318; x_wconf 83' lang='lat' dir='ltr'><strong>Sehen</strong></span> <span class='ocrx_word' id='word_1_379' title='bbox 1819 2269 1909 2319; x_wconf 83' lang='lat' dir='ltr'><strong>wir</strong></span> <span class='ocrx_word' id='word_1_380' title='bbox 1940 2268 2071 2319; x_wconf 85' lang='lat' dir='ltr'><strong>doch</strong></span> <span class='ocrx_word' id='word_1_381' title='bbox 2093 2269 2254 2319; x_wconf 85' lang='lat' dir='ltr'><strong>selbst</strong></span> <span class='ocrx_word' id='word_1_382' title='bbox 2277 2269 2472 2320; x_wconf 80' lang='lat' dir='ltr'><strong>Schau·</strong></span> 
     </span>
     <span class='ocr_line' id='line_1_56' title="bbox 1410 2336 2470 2402; baseline 0.001 -15"><span class='ocrx_word' id='word_1_383' title='bbox 1410 2336 1600 2402; x_wconf 85' lang='lat' dir='ltr'><strong>spieler</strong></span> <span class='ocrx_word' id='word_1_384' title='bbox 1622 2336 1860 2389; x_wconf 79' lang='lat' dir='ltr'><strong>mitunter</strong></span> <span class='ocrx_word' id='word_1_385' title='bbox 1878 2352 1977 2387; x_wconf 85' lang='lat' dir='ltr'><strong>von</strong></span> <span class='ocrx_word' id='word_1_386' title='bbox 1998 2337 2088 2388; x_wconf 88' lang='lat' dir='ltr'><strong>der</strong></span> <span class='ocrx_word' id='word_1_387' title='bbox 2103 2337 2262 2397; x_wconf 73' lang='lat' dir='ltr'><strong>Bone,</strong></span> <span class='ocrx_word' id='word_1_388' title='bbox 2288 2337 2372 2388; x_wconf 85' lang='lat' dir='ltr'><strong>die</strong></span> <span class='ocrx_word' id='word_1_389' title='bbox 2394 2338 2470 2390; x_wconf 84' lang='lat' dir='ltr'><strong>sie</strong></span> 
     </span>
     <span class='ocr_line' id='line_1_57' title="bbox 1411 2404 2469 2470; baseline 0.004 -17"><span class='ocrx_word' id='word_1_390' title='bbox 1411 2420 1480 2453; x_wconf 86' lang='lat' dir='ltr'><strong>zu</strong></span> <span class='ocrx_word' id='word_1_391' title='bbox 1511 2405 1708 2470; x_wconf 86' lang='lat' dir='ltr'><strong>spielen</strong></span> <span class='ocrx_word' id='word_1_392' title='bbox 1748 2404 1941 2463; x_wconf 85' lang='lat' dir='ltr'><strong>haben,</strong></span> <span class='ocrx_word' id='word_1_393' title='bbox 1987 2419 2046 2454; x_wconf 88' lang='lat' dir='ltr'><strong>so</strong></span> <span class='ocrx_word' id='word_1_394' title='bbox 2082 2406 2343 2470; x_wconf 64' lang='lat' dir='ltr'><strong>erg-risten,</strong></span> <span class='ocrx_word' id='word_1_395' title='bbox 2391 2405 2469 2457; x_wconf 76' lang='lat' dir='ltr'><strong>als</strong></span> 
     </span>
     <span class='ocr_line' id='line_1_58' title="bbox 1409 2473 2470 2536; baseline 0.001 -15"><span class='ocrx_word' id='word_1_396' title='bbox 1409 2486 1557 2522; x_wconf 83' lang='lat' dir='ltr'><strong>wenn</strong></span> <span class='ocrx_word' id='word_1_397' title='bbox 1581 2473 1658 2523; x_wconf 86' lang='lat' dir='ltr'><strong>sie</strong></span> <span class='ocrx_word' id='word_1_398' title='bbox 1691 2473 1853 2522; x_wconf 77' lang='lat' dir='ltr'><strong>selbst</strong></span> <span class='ocrx_word' id='word_1_399' title='bbox 1885 2473 1970 2522; x_wconf 83' lang='lat' dir='ltr'><strong>die</strong></span> <span class='ocrx_word' id='word_1_400' title='bbox 1993 2473 2249 2523; x_wconf 82' lang='lat' dir='ltr'><strong>Personeu</strong></span> <span class='ocrx_word' id='word_1_401' title='bbox 2283 2476 2470 2536; x_wconf 64' lang='lat' dir='ltr'><strong>vireu,</strong></span> 
     </span>
     <span class='ocr_line' id='line_1_59' title="bbox 1411 2539 2472 2604; baseline 0.001 -15"><span class='ocrx_word' id='word_1_402' title='bbox 1411 2540 1497 2589; x_wconf 83' lang='lat' dir='ltr'><strong>die</strong></span> <span class='ocrx_word' id='word_1_403' title='bbox 1517 2540 1596 2590; x_wconf 88' lang='lat' dir='ltr'><strong>sie</strong></span> <span class='ocrx_word' id='word_1_404' title='bbox 1620 2539 1752 2590; x_wconf 87' lang='lat' dir='ltr'><strong>doch</strong></span> <span class='ocrx_word' id='word_1_405' title='bbox 1776 2554 1874 2589; x_wconf 89' lang='lat' dir='ltr'><strong>nur</strong></span> <span class='ocrx_word' id='word_1_406' title='bbox 1895 2541 1946 2590; x_wconf 90' lang='lat' dir='ltr'><strong>in</strong></span> <span class='ocrx_word' id='word_1_407' title='bbox 1970 2539 2131 2589; x_wconf 80' lang='lat' dir='ltr'><strong>ihrem</strong></span> <span class='ocrx_word' id='word_1_408' title='bbox 2158 2540 2328 2604; x_wconf 87' lang='lat' dir='ltr'><strong>Spiele</strong></span> <span class='ocrx_word' id='word_1_409' title='bbox 2351 2542 2472 2592; x_wconf 77' lang='lat' dir='ltr'><strong>dar-</strong></span> 
     </span>
     <span class='ocr_line' id='line_1_60' title="bbox 1411 2606 2470 2669; baseline -0.001 -11"><span class='ocrx_word' id='word_1_410' title='bbox 1411 2607 1623 2658; x_wconf 74' lang='lat' dir='ltr'><strong>stellen:</strong></span> <span class='ocrx_word' id='word_1_411' title='bbox 1671 2608 1768 2656; x_wconf 80' lang='lat' dir='ltr'><strong>wie</strong></span> <span class='ocrx_word' id='word_1_412' title='bbox 1810 2607 1908 2659; x_wconf 83' lang='lat' dir='ltr'><strong>viel</strong></span> <span class='ocrx_word' id='word_1_413' title='bbox 1949 2606 2252 2658; x_wconf 83' lang='lat' dir='ltr'><strong>nstiirlicher</strong></span> <span class='ocrx_word' id='word_1_414' title='bbox 2295 2609 2364 2659; x_wconf 83' lang='lat' dir='ltr'><strong>ist</strong></span> <span class='ocrx_word' id='word_1_415' title='bbox 2397 2624 2470 2669; x_wconf 78' lang='lat' dir='ltr'><strong>es,</strong></span> 
     </span>
     <span class='ocr_line' id='line_1_61' title="bbox 1413 2674 2474 2740; baseline 0.003 -16"><span class='ocrx_word' id='word_1_416' title='bbox 1413 2675 1536 2724; x_wconf 71' lang='lat' dir='ltr'><strong>dass</strong></span> <span class='ocrx_word' id='word_1_417' title='bbox 1569 2674 1658 2724; x_wconf 84' lang='lat' dir='ltr'><strong>der</strong></span> <span class='ocrx_word' id='word_1_418' title='bbox 1681 2675 1882 2725; x_wconf 86' lang='lat' dir='ltr'><strong>Redner</strong></span> <span class='ocrx_word' id='word_1_419' title='bbox 1916 2689 2036 2724; x_wconf 85' lang='lat' dir='ltr'><strong>vom</strong></span> <span class='ocrx_word' id='word_1_420' title='bbox 2070 2676 2284 2740; x_wconf 86' lang='lat' dir='ltr'><strong>eigenen</strong></span> <span class='ocrx_word' id='word_1_421' title='bbox 2309 2676 2474 2727; x_wconf 81' lang='lat' dir='ltr'><strong>Affect</strong></span> 
     </span>
     <span class='ocr_line' id='line_1_62' title="bbox 1412 2741 2473 2807; baseline 0 -14"><span class='ocrx_word' id='word_1_422' title='bbox 1412 2743 1612 2807; x_wconf 83' lang='lat' dir='ltr'><strong>bewegt</strong></span> <span class='ocrx_word' id='word_1_423' title='bbox 1631 2743 1817 2801; x_wconf 75' lang='lat' dir='ltr'><strong>werde,</strong></span> <span class='ocrx_word' id='word_1_424' title='bbox 1845 2743 1934 2791; x_wconf 82' lang='lat' dir='ltr'><strong>der</strong></span> <span class='ocrx_word' id='word_1_425' title='bbox 1957 2742 2066 2792; x_wconf 83' lang='lat' dir='ltr'><strong>sich</strong></span> <span class='ocrx_word' id='word_1_426' title='bbox 2093 2741 2249 2805; x_wconf 59' lang='lat' dir='ltr'><strong>nicht,</strong></span> <span class='ocrx_word' id='word_1_427' title='bbox 2274 2746 2370 2793; x_wconf 81' lang='lat' dir='ltr'><strong>wie</strong></span> <span class='ocrx_word' id='word_1_428' title='bbox 2388 2744 2473 2807; x_wconf 86' lang='lat' dir='ltr'><strong>je-</strong></span> 
     </span>
     <span class='ocr_line' id='line_1_63' title="bbox 1413 2809 2475 2875; baseline 0.002 -16"><span class='ocrx_word' id='word_1_429' title='bbox 1413 2825 1532 2869; x_wconf 86' lang='lat' dir='ltr'><strong>ner,</strong></span> <span class='ocrx_word' id='word_1_430' title='bbox 1577 2810 1633 2859; x_wconf 86' lang='lat' dir='ltr'><strong>in</strong></span> <span class='ocrx_word' id='word_1_431' title='bbox 1665 2809 1898 2875; x_wconf 79' lang='lat' dir='ltr'><strong>fiogierte</strong></span> <span class='ocrx_word' id='word_1_432' title='bbox 1932 2809 2190 2861; x_wconf 74' lang='lat' dir='ltr'><strong>Zustiinde</strong></span> <span class='ocrx_word' id='word_1_433' title='bbox 2223 2811 2328 2861; x_wconf 85' lang='lat' dir='ltr'><strong>und</strong></span> <span class='ocrx_word' id='word_1_434' title='bbox 2359 2812 2475 2862; x_wconf 89' lang='lat' dir='ltr'><strong>eine</strong></span> 
     </span>
     <span class='ocr_line' id='line_1_64' title="bbox 1414 2877 2473 2930; baseline 0.004 -3"><span class='ocrx_word' id='word_1_435' title='bbox 1414 2877 1660 2928; x_wconf 80' lang='lat' dir='ltr'><strong>fremde</strong></span> <span class='ocrx_word' id='word_1_436' title='bbox 1693 2877 2222 2930; x_wconf 69' lang='lat' dir='ltr'><strong>Personlichkeit</strong></span> <span class='ocrx_word' id='word_1_437' title='bbox 2255 2895 2322 2930; x_wconf 91' lang='grc' dir='ltr'><strong>ιιι</strong></span> <span class='ocrx_word' id='word_1_438' title='bbox 2354 2894 2473 2930; x_wconf 78' lang='lat' dir='ltr'><strong>ver-</strong></span> 
     </span>
     <span class='ocr_line' id='line_1_65' title="bbox 1415 2945 2480 3012; baseline 0.001 -15"><span class='ocrx_word' id='word_1_439' title='bbox 1415 2956 1594 2997; x_wconf 76' lang='lat' dir='ltr'><strong>setzen</strong></span> <span class='ocrx_word' id='word_1_440' title='bbox 1617 2945 1719 3009; x_wconf 71' lang='lat' dir='ltr'><strong>hat,</strong></span> <span class='ocrx_word' id='word_1_441' title='bbox 1746 2947 1969 2997; x_wconf 75' lang='lat' dir='ltr'><strong>sende-ru</strong></span> <span class='ocrx_word' id='word_1_442' title='bbox 1995 2947 2046 2996; x_wconf 87' lang='lat' dir='ltr'><strong>in</strong></span> <span class='ocrx_word' id='word_1_443' title='bbox 2068 2946 2364 3012; x_wconf 76' lang='lat' dir='ltr'><strong>Beziehnng</strong></span> <span class='ocrx_word' id='word_1_444' title='bbox 2384 2947 2480 2999; x_wconf 77' lang='lat' dir='ltr'><strong>anf</strong></span> 
     </span>
     <span class='ocr_line' id='line_1_66' title="bbox 1415 3012 2474 3076; baseline 0.002 -13"><span class='ocrx_word' id='word_1_445' title='bbox 1415 3012 1698 3076; x_wconf 65' lang='lat' dir='ltr'><strong>wirntone,</strong></span> <span class='ocrx_word' id='word_1_446' title='bbox 1735 3013 1823 3063; x_wconf 90' lang='lat' dir='ltr'><strong>ihn</strong></span> <span class='ocrx_word' id='word_1_447' title='bbox 1856 3014 1988 3064; x_wconf 82' lang='lat' dir='ltr'><strong>nahe</strong></span> <span class='ocrx_word' id='word_1_448' title='bbox 2012 3014 2326 3066; x_wconf 83' lang='lat' dir='ltr'><strong>beriihrende</strong></span> <span class='ocrx_word' id='word_1_449' title='bbox 2348 3017 2474 3066; x_wconf 90' lang='lat' dir='ltr'><strong>Ver-</strong></span> 
     </span>
     <span class='ocr_line' id='line_1_67' title="bbox 1413 3078 2474 3147; baseline 0.003 -16"><span class='ocrx_word' id='word_1_450' title='bbox 1413 3080 1664 3133; x_wconf 72' lang='lat' dir='ltr'><strong>hiltnisse</strong></span> <span class='ocrx_word' id='word_1_451' title='bbox 1695 3078 1886 3147; x_wconf 86' lang='lat' dir='ltr'><strong>(selbst</strong></span> <span class='ocrx_word' id='word_1_452' title='bbox 1918 3083 1971 3133; x_wconf 88' lang='lat' dir='ltr'><strong>in</strong></span> <span class='ocrx_word' id='word_1_453' title='bbox 2005 3083 2095 3132; x_wconf 84' lang='lat' dir='ltr'><strong>der</strong></span> <span class='ocrx_word' id='word_1_454' title='bbox 2117 3082 2281 3132; x_wconf 79' lang='lat' dir='ltr'><strong>Sache</strong></span> <span class='ocrx_word' id='word_1_455' title='bbox 2304 3084 2474 3134; x_wconf 85' lang='lat' dir='ltr'><strong>seines</strong></span> 
     </span>
     <span class='ocr_line' id='line_1_68' title="bbox 1417 3147 2473 3214; baseline -0.001 -13"><span class='ocrx_word' id='word_1_456' title='bbox 1417 3147 1677 3213; x_wconf 86' lang='lat' dir='ltr'><strong>Clienten)</strong></span> <span class='ocrx_word' id='word_1_457' title='bbox 1693 3150 1830 3200; x_wconf 89' lang='lat' dir='ltr'><strong>sein</strong></span> <span class='ocrx_word' id='word_1_458' title='bbox 1845 3165 1873 3198; x_wconf 86' lang='lat' dir='ltr'><strong>e</strong></span> <span class='ocrx_word' id='word_1_459' title='bbox 1898 3151 2120 3214; x_wconf 87' lang='lat' dir='ltr'><strong>eigene</strong></span> <span class='ocrx_word' id='word_1_460' title='bbox 2138 3149 2338 3201; x_wconf 85' lang='lat' dir='ltr'><strong>Sache</strong></span> <span class='ocrx_word' id='word_1_461' title='bbox 2362 3165 2473 3200; x_wconf 85' lang='lat' dir='ltr'><strong>ver·</strong></span> 
     </span>
     <span class='ocr_line' id='line_1_69' title="bbox 1413 3215 2475 3284; baseline 0 -17"><span class='ocrx_word' id='word_1_462' title='bbox 1413 3218 1521 3267; x_wconf 85' lang='lat' dir='ltr'><strong>tritt</strong></span> <span class='ocrx_word' id='word_1_463' title='bbox 1544 3215 1603 3284; x_wconf 73' lang='lat' dir='ltr'><strong>(S</strong></span> <span class='ocrx_word' id='word_1_464' title='bbox 1633 3215 1776 3278; x_wconf 78' lang='lat'>194);</span> <span class='ocrx_word' id='word_1_465' title='bbox 1800 3216 1957 3268; x_wconf 72' lang='lat' dir='ltr'><strong>daher</strong></span> <span class='ocrx_word' id='word_1_466' title='bbox 1981 3217 2066 3266; x_wconf 90' lang='lat' dir='ltr'><strong>die</strong></span> <span class='ocrx_word' id='word_1_467' title='bbox 2082 3216 2369 3269; x_wconf 80' lang='lat' dir='ltr'><strong>Vorschril&#39;t</strong></span> <span class='ocrx_word' id='word_1_468' title='bbox 2392 3217 2475 3267; x_wconf 84' lang='lat' dir='ltr'><strong>bei</strong></span> 
     </span>
     <span class='ocr_line' id='line_1_70' title="bbox 1415 3283 2474 3346; baseline 0 -12"><span class='ocrx_word' id='word_1_469' title='bbox 1415 3285 1590 3345; x_wconf 85' lang='lat' dir='ltr'><strong>Quint.</strong></span> <span class='ocrx_word' id='word_1_470' title='bbox 1617 3284 1687 3334; x_wconf 90' lang='lat' dir='ltr'><strong>VI</strong></span> <span class='ocrx_word' id='word_1_471' title='bbox 1705 3286 1743 3333; x_wconf 81' lang='lat'><em>2</em></span> <span class='ocrx_word' id='word_1_472' title='bbox 1758 3321 1772 3346; x_wconf 86' lang='lat'>‚</span> <span class='ocrx_word' id='word_1_473' title='bbox 1796 3292 1847 3333; x_wconf 74' lang='lat'><strong>34</strong></span> <span class='ocrx_word' id='word_1_474' title='bbox 1887 3283 1982 3335; x_wconf 78' lang='lat' dir='ltr'><strong>Ubi</strong></span> <span class='ocrx_word' id='word_1_475' title='bbox 2003 3298 2125 3334; x_wconf 85' lang='lat' dir='ltr'><strong>vero</strong></span> <span class='ocrx_word' id='word_1_476' title='bbox 2151 3285 2474 3335; x_wconf 77' lang='lat' dir='ltr'><strong>miseratione</strong></span> 
     </span>
     <span class='ocr_line' id='line_1_71' title="bbox 1415 3350 2475 3419; baseline -0.002 -17"><span class='ocrx_word' id='word_1_477' title='bbox 1415 3367 1548 3419; x_wconf 82' lang='lat' dir='ltr'><strong>opus</strong></span> <span class='ocrx_word' id='word_1_478' title='bbox 1572 3352 1682 3415; x_wconf 87' lang='lat' dir='ltr'><strong>erit,</strong></span> <span class='ocrx_word' id='word_1_479' title='bbox 1709 3352 1852 3403; x_wconf 73' lang='lat' dir='ltr'><strong>nobis</strong></span> <span class='ocrx_word' id='word_1_480' title='bbox 1873 3366 1949 3410; x_wconf 82' lang='lat' dir='ltr'><strong>ea,</strong></span> <span class='ocrx_word' id='word_1_481' title='bbox 1985 3350 2049 3401; x_wconf 85' lang='lat' dir='ltr'><strong>de</strong></span> <span class='ocrx_word' id='word_1_482' title='bbox 2077 3353 2263 3414; x_wconf 86' lang='lat' dir='ltr'><strong>quibus</strong></span> <span class='ocrx_word' id='word_1_483' title='bbox 2290 3366 2475 3414; x_wconf 83' lang='lat' dir='ltr'><strong>quere-</strong></span> 
     </span>
     <span class='ocr_line' id='line_1_72' title="bbox 1413 3419 2477 3481; baseline -0.002 -11"><span class='ocrx_word' id='word_1_484' title='bbox 1413 3435 1545 3479; x_wconf 86' lang='lat' dir='ltr'><strong>mur,</strong></span> <span class='ocrx_word' id='word_1_485' title='bbox 1568 3420 1819 3470; x_wconf 68' lang='lat' dir='ltr'><strong>accidisse</strong></span> <span class='ocrx_word' id='word_1_486' title='bbox 1839 3419 2106 3468; x_wconf 82' lang='lat' dir='ltr'><strong>credamus</strong></span> <span class='ocrx_word' id='word_1_487' title='bbox 2124 3430 2275 3481; x_wconf 80' lang='lat' dir='ltr'><strong>atque</strong></span> <span class='ocrx_word' id='word_1_488' title='bbox 2293 3419 2345 3467; x_wconf 83' lang='lat' dir='ltr'><strong>id</strong></span> <span class='ocrx_word' id='word_1_489' title='bbox 2362 3419 2477 3468; x_wconf 84' lang='lat' dir='ltr'><strong>ani-</strong></span> 
     </span>
     <span class='ocr_line' id='line_1_73' title="bbox 1413 3486 2475 3552; baseline -0.005 -11"><span class='ocrx_word' id='word_1_490' title='bbox 1413 3502 1499 3541; x_wconf 86' lang='lat' dir='ltr'><strong>mo</strong></span> <span class='ocrx_word' id='word_1_491' title='bbox 1524 3495 1698 3537; x_wconf 86' lang='lat' dir='ltr'><strong>nostro</strong></span> <span class='ocrx_word' id='word_1_492' title='bbox 1723 3487 2139 3552; x_wconf 74' lang='lat' dir='ltr'><strong>persuadeamus.</strong></span> <span class='ocrx_word' id='word_1_493' title='bbox 2177 3486 2282 3537; x_wconf 86' lang='lat' dir='ltr'><strong>Nos</strong></span> <span class='ocrx_word' id='word_1_494' title='bbox 2305 3488 2374 3536; x_wconf 86' lang='lat' dir='ltr'><strong>illi</strong></span> <span class='ocrx_word' id='word_1_495' title='bbox 2399 3488 2475 3537; x_wconf 83' lang='lat' dir='ltr'><strong>si·</strong></span> 
     </span>
     <span class='ocr_line' id='line_1_74' title="bbox 1414 3553 2473 3619; baseline 0 -15"><span class='ocrx_word' id='word_1_496' title='bbox 1414 3570 1558 3609; x_wconf 86' lang='lat' dir='ltr'><strong>mns.</strong></span> <span class='ocrx_word' id='word_1_497' title='bbox 1602 3569 1731 3616; x_wconf 86' lang='lat' dir='ltr'><strong>quos</strong></span> <span class='ocrx_word' id='word_1_498' title='bbox 1763 3554 1963 3619; x_wconf 77' lang='lat' dir='ltr'><strong>gravia,</strong></span> <span class='ocrx_word' id='word_1_499' title='bbox 2009 3553 2245 3619; x_wconf 77' lang='lat' dir='ltr'><strong>indigna,</strong></span> <span class='ocrx_word' id='word_1_500' title='bbox 2290 3554 2473 3614; x_wconf 78' lang='lat' dir='ltr'><strong>tristis,</strong></span> 
     </span>
     <span class='ocr_line' id='line_1_75' title="bbox 1412 3636 2476 3689; baseline 0 -16"><span class='ocrx_word' id='word_1_501' title='bbox 1412 3636 1598 3689; x_wconf 77' lang='lat' dir='ltr'><strong>passos</strong></span> <span class='ocrx_word' id='word_1_502' title='bbox 1640 3637 1936 3686; x_wconf 82' lang='lat' dir='ltr'><strong>queremur,</strong></span> <span class='ocrx_word' id='word_1_503' title='bbox 1985 3636 2080 3672; x_wconf 80' lang='lat' dir='ltr'><strong>nec</strong></span> <span class='ocrx_word' id='word_1_504' title='bbox 2120 3638 2327 3687; x_wconf 69' lang='lat' dir='ltr'><strong>aaamus</strong></span> <span class='ocrx_word' id='word_1_505' title='bbox 2366 3637 2476 3673; x_wconf 72' lang='lat' dir='ltr'><strong>ren</strong></span> 
     </span>
     <span class='ocr_line' id='line_1_76' title="bbox 1553 3690 2477 3756; baseline -0.002 -15"><span class='ocrx_word' id='word_1_506' title='bbox 1553 3691 1565 3705; x_wconf 88' lang='lat'>’</span> <span class='ocrx_word' id='word_1_507' title='bbox 1578 3691 1808 3751; x_wconf 70' lang='lat' dir='ltr'><strong>alienant,</strong></span> <span class='ocrx_word' id='word_1_508' title='bbox 1821 3690 1916 3741; x_wconf 80' lang='lat' dir='ltr'><strong>sed</strong></span> <span class='ocrx_word' id='word_1_509' title='bbox 1929 3704 2250 3741; x_wconf 79' lang='lat' dir='ltr'><strong>assumamus</strong></span> <span class='ocrx_word' id='word_1_510' title='bbox 2268 3705 2477 3756; x_wconf 81' lang='lat' dir='ltr'><strong>parum-</strong></span> 
     </span>
    </p>

    <p class='ocr_par' dir='ltr' id='par_1_17' title="bbox 1410 3757 2476 4299">
     <span class='ocr_line' id='line_1_77' title="bbox 1413 3757 2476 3825; baseline -0.003 -16"><span class='ocrx_word' id='word_1_511' title='bbox 1413 3774 1509 3825; x_wconf 82' lang='lat' dir='ltr'><strong>per</strong></span> <span class='ocrx_word' id='word_1_512' title='bbox 1532 3758 1671 3809; x_wconf 88' lang='lat' dir='ltr'><strong>illum</strong></span> <span class='ocrx_word' id='word_1_513' title='bbox 1698 3758 1940 3811; x_wconf 84' lang='lat' dir='ltr'><strong>dolorem.</strong></span> <span class='ocrx_word' id='word_1_514' title='bbox 1974 3758 2051 3808; x_wconf 77' lang='lat' dir='ltr'><strong>lta</strong></span> <span class='ocrx_word' id='word_1_515' title='bbox 2072 3757 2319 3819; x_wconf 78' lang='lat' dir='ltr'><strong>dicemus,</strong></span> <span class='ocrx_word' id='word_1_516' title='bbox 2344 3771 2476 3821; x_wconf 82' lang='lat' dir='ltr'><strong>qnae</strong></span> 
     </span>
     <span class='ocr_line' id='line_1_78' title="bbox 1414 3826 2475 3877; baseline 0.002 -2"><span class='ocrx_word' id='word_1_517' title='bbox 1414 3828 1467 3875; x_wconf 91' lang='lat' dir='ltr'><strong>in</strong></span> <span class='ocrx_word' id='word_1_518' title='bbox 1495 3836 1669 3876; x_wconf 86' lang='lat' dir='ltr'><strong>nostro</strong></span> <span class='ocrx_word' id='word_1_519' title='bbox 1693 3826 1844 3876; x_wconf 82' lang='lat' dir='ltr'><strong>simili</strong></span> <span class='ocrx_word' id='word_1_520' title='bbox 1868 3841 1992 3875; x_wconf 81' lang='lat' dir='ltr'><strong>essu</strong></span> <span class='ocrx_word' id='word_1_521' title='bbox 2014 3826 2199 3877; x_wconf 84' lang='lat' dir='ltr'><strong>dicturi</strong></span> <span class='ocrx_word' id='word_1_522' title='bbox 2221 3837 2475 3877; x_wconf 80' lang='lat' dir='ltr'><strong>essemus·</strong></span> 
     </span>
     <span class='ocr_line' id='line_1_79' title="bbox 1412 3892 2476 3959; baseline -0.002 -15"><span class='ocrx_word' id='word_1_523' title='bbox 1412 3895 1536 3945; x_wconf 88' lang='lat' dir='ltr'><strong>Vidi</strong></span> <span class='ocrx_word' id='word_1_524' title='bbox 1569 3908 1666 3958; x_wconf 86' lang='lat' dir='ltr'><strong>ego</strong></span> <span class='ocrx_word' id='word_1_525' title='bbox 1700 3908 1856 3959; x_wconf 77' lang='lat' dir='ltr'><strong>saepe</strong></span> <span class='ocrx_word' id='word_1_526' title='bbox 1885 3892 2161 3944; x_wconf 82' lang='lat' dir='ltr'><strong>histriones</strong></span> <span class='ocrx_word' id='word_1_527' title='bbox 2204 3902 2358 3956; x_wconf 74' lang='lat' dir='ltr'><strong>atque</strong></span> <span class='ocrx_word' id='word_1_528' title='bbox 2390 3906 2476 3942; x_wconf 90' lang='lat' dir='ltr'><strong>co-</strong></span> 
     </span>
     <span class='ocr_line' id='line_1_80' title="bbox 1413 3960 2474 4025; baseline -0.005 -10"><span class='ocrx_word' id='word_1_529' title='bbox 1413 3961 1651 4024; x_wconf 82' lang='lat' dir='ltr'><strong>moedos,</strong></span> <span class='ocrx_word' id='word_1_530' title='bbox 1676 3976 1790 4011; x_wconf 88' lang='lat' dir='ltr'><strong>cum</strong></span> <span class='ocrx_word' id='word_1_531' title='bbox 1815 3976 1882 4012; x_wconf 86' lang='lat' dir='ltr'><strong>ex</strong></span> <span class='ocrx_word' id='word_1_532' title='bbox 1903 3962 2076 4024; x_wconf 75' lang='lat' dir='ltr'><strong>aliquo</strong></span> <span class='ocrx_word' id='word_1_533' title='bbox 2098 3960 2332 4025; x_wconf 75' lang='lat' dir='ltr'><strong>graviore</strong></span> <span class='ocrx_word' id='word_1_534' title='bbox 2354 3967 2474 4020; x_wconf 71' lang='lat' dir='ltr'><strong>actu</strong></span> 
     </span>
     <span class='ocr_line' id='line_1_81' title="bbox 1410 4027 2475 4095; baseline 0 -17"><span class='ocrx_word' id='word_1_535' title='bbox 1410 4043 1682 4094; x_wconf 81' lang='lat' dir='ltr'><strong>personam</strong></span> <span class='ocrx_word' id='word_1_536' title='bbox 1708 4030 2087 4095; x_wconf 79' lang='lat' dir='ltr'><strong>deposuissent,</strong></span> <span class='ocrx_word' id='word_1_537' title='bbox 2110 4028 2288 4079; x_wconf 84' lang='lat' dir='ltr'><strong>flentes</strong></span> <span class='ocrx_word' id='word_1_538' title='bbox 2305 4027 2475 4078; x_wconf 78' lang='lat' dir='ltr'><strong>adbuc</strong></span> 
     </span>
     <span class='ocr_line' id='line_1_82' title="bbox 1414 4095 2474 4161; baseline -0.002 -16"><span class='ocrx_word' id='word_1_539' title='bbox 1414 4096 1606 4161; x_wconf 79' lang='lat' dir='ltr'><strong>egredi.</strong></span> <span class='ocrx_word' id='word_1_540' title='bbox 1631 4096 1826 4156; x_wconf 78' lang='lat' dir='ltr'><strong>Quodsi</strong></span> <span class='ocrx_word' id='word_1_541' title='bbox 1847 4099 1904 4148; x_wconf 73' lang='lat' dir='ltr'><strong>in</strong></span> <span class='ocrx_word' id='word_1_542' title='bbox 1923 4098 2106 4148; x_wconf 74' lang='lat' dir='ltr'><strong>alienis</strong></span> <span class='ocrx_word' id='word_1_543' title='bbox 2125 4096 2340 4161; x_wconf 70' lang='lat' dir='ltr'><strong>scriptis</strong></span> <span class='ocrx_word' id='word_1_544' title='bbox 2361 4095 2474 4147; x_wconf 77' lang='lat' dir='ltr'><strong>sola</strong></span> 
     </span>
     <span class='ocr_line' id='line_1_83' title="bbox 1412 4164 2470 4282; baseline 0.002 -69"><span class='ocrx_word' id='word_1_545' title='bbox 1412 4165 1755 4282; x_wconf 55' lang='lat' dir='ltr'><strong>{ronnntiatio</strong></span> <span class='ocrx_word' id='word_1_546' title='bbox 1787 4166 1858 4215; x_wconf 78' lang='lat' dir='ltr'><strong>its</strong></span> <span class='ocrx_word' id='word_1_547' title='bbox 1891 4164 2037 4216; x_wconf 76' lang='lat' dir='ltr'><strong>falsis</strong></span> <span class='ocrx_word' id='word_1_548' title='bbox 2062 4165 2260 4216; x_wconf 74' lang='lat' dir='ltr'><strong>accedit</strong></span> <span class='ocrx_word' id='word_1_549' title='bbox 2278 4164 2470 4215; x_wconf 74' lang='lat' dir='ltr'><strong>affecti-</strong></span> 
     </span>
     <span class='ocr_line' id='line_1_84' title="bbox 1453 4232 2473 4299; baseline 0.005 -17"><span class='ocrx_word' id='word_1_550' title='bbox 1453 4247 1529 4292; x_wconf 87' lang='lat' dir='ltr'><strong>us,</strong></span> <span class='ocrx_word' id='word_1_551' title='bbox 1557 4233 1681 4295; x_wconf 79' lang='lat' dir='ltr'><strong>quid</strong></span> <span class='ocrx_word' id='word_1_552' title='bbox 1700 4247 1796 4284; x_wconf 86' lang='lat' dir='ltr'><strong>nos</strong></span> <span class='ocrx_word' id='word_1_553' title='bbox 1817 4232 2085 4296; x_wconf 71' lang='lat' dir='ltr'><strong>faciemus,</strong></span> <span class='ocrx_word' id='word_1_554' title='bbox 2109 4234 2200 4299; x_wconf 70' lang='lat' dir='ltr'><strong>qni</strong></span> <span class='ocrx_word' id='word_1_555' title='bbox 2219 4233 2308 4284; x_wconf 82' lang='lat' dir='ltr'><strong>ills</strong></span> <span class='ocrx_word' id='word_1_556' title='bbox 2330 4232 2473 4297; x_wconf 71' lang='lat' dir='ltr'><strong>cogi-</strong></span> 
     </span>
    </p>
   </div>
  </div>
 </body>
</html>
