2930 4693
1786 2 1829 18 ’V

449 169 574 234 142
1022 159 1121 223 DE
1164 156 1522 222 ORATORE
1557 157 1611 222 11
1653 156 1756 220 32.
1797 162 1898 217 187
1911 162 2109 220 -140.

450 352 550 396 mo
580 329 1115 412 comprehendenti
1143 326 1437 411 permulta
1465 329 1803 399 videantur,
1845 347 2001 409 quae
2029 329 2268 390 veniant
2308 330 2371 390 in
2398 329 2697 394 iudicium

450 428 605 490 tum,
659 436 796 480 cum
836 416 912 478 de
941 415 1097 478 facto
1127 420 1479 496 quaeratur;
1532 414 1638 475 sed
1679 422 1880 476 tamen
1908 415 2225 476 criminum
2256 421 2346 475 est
2372 413 2696 477 multitudo

281 500 484 573 32137
510 510 613 566 aut
641 502 1086 572 defensionum,
1118 518 1241 561 non
1270 499 1538 561 locorum
1568 500 1815 562 infinita.
1876 499 2041 571 Quae
2068 517 2227 570 vero,
2261 518 2395 561 cum
2428 498 2501 561 de
2532 501 2695 562 facto

451 607 574 652 non
604 587 924 668 ambigitur
941 633 957 658 ,
1012 592 1405 665 quaeruntur,
1450 583 1645 665 qualia
1675 586 1821 655 sint,
1856 602 1924 646 ea
1953 586 2005 646 si
2035 603 2108 646 ex
2135 586 2255 645 reis
2288 603 2598 656 numereS,
2632 594 2697 647 et

449 672 903 738 innumerabilia
932 677 1072 733 sunt
1099 678 1159 731 et
1187 669 1470 741 obscura;
1519 672 1571 731 si
1600 688 1674 732 ex
1702 669 1911 741 rebus„
1965 668 2134 731 valde
2177 678 2237 731 et
2265 670 2496 731 modica
2528 677 2591 731 et
2616 669 2693 731 il-

450 760 677 822 lustria.
726 758 875 819 Nam
900 757 951 816 si
979 754 1238 817 Mancini
1268 773 1505 817 causam
1528 757 1592 816 in
1613 773 1734 816 uno
1757 755 2029 817 Mancino
2059 756 2355 835 ponimus,
2386 757 2694 835 quotiens-

451 861 704 926 cumque
733 845 812 913 is,
853 859 1031 921 quem
1059 847 1230 920 pater
1259 847 1525 921 patratus
1556 840 1877 912 dediderit,
1930 848 2206 920 receptus
2234 858 2356 901 non
2399 842 2543 911 erit,
2598 848 2694 903 to-

454 933 608 992 tiens
637 946 813 990 causa
843 942 994 987 nova
1023 932 1319 987 nascetur.
1402 926 1508 987 Sin
1538 925 1638 987 illa
1669 927 2069 987 controversia
2101 943 2338 987 causam
2379 925 2549 997 facit,
2604 928 2693 986 vi-

452 1015 740 1077 deaturne
772 1013 860 1082 ei,
895 1027 1077 1090 quem
1106 1019 1276 1090 patei
1306 1018 1574 1090 patratus
1604 1010 1924 1081 dediderit,
1970 1012 2021 1071 si
2048 1012 2100 1071 is
2130 1028 2249 1071 non
2283 1012 2359 1071 sit
2388 1018 2687 1089 receptus,

449 1097 877 1180 postliminium
909 1113 1060 1165 esse,
1093 1095 1243 1157 nihil
1274 1096 1347 1157 ad
1379 1103 1570 1157 artem
1600 1095 1836 1157 dicendi
1865 1114 1977 1156 nec
2001 1096 2075 1157 ad
2100 1103 2449 1175 argumenta
2482 1096 2691 1157 defen-

318 1196 417 1248 138
449 1185 633 1245 sionis
661 1181 919 1244 Mancini
950 1198 1170 1242 nomen
1198 1181 1479 1261 pertinet.
1539 1181 1641 1253 Ac,
1672 1183 1724 1242 si
1752 1181 1896 1261 quid
1926 1180 2122 1242 adfert
2150 1189 2462 1261 praeterea
2492 1182 2689 1242 homi-

452 1270 546 1330 nis
576 1273 679 1329 aut
708 1266 964 1345 dignitas
993 1273 1096 1327 aut
1122 1267 1471 1346 indignitas,
1525 1273 1692 1328 extra
1732 1266 2136 1346 quaestionem
2180 1272 2270 1326 est
2299 1273 2358 1326 et
2387 1285 2457 1326 ea
2486 1272 2689 1327 tamen

451 1355 579 1434 ipsa
609 1353 797 1414 oratio
829 1351 904 1413 ad
933 1352 1195 1413 universi
1224 1354 1462 1431 generis
1493 1352 1950 1431 disputationem
1972 1350 2270 1413 referatur
2301 1370 2547 1413 necesse
2579 1359 2688 1412 est.

619 1438 782 1502 Haec
812 1454 922 1517 ego
952 1455 1072 1497 non
1106 1455 1177 1498 eo
1208 1437 1454 1498 consilio
1486 1437 1749 1517 disputo,
1793 1444 1858 1498 ut
1886 1438 2157 1498 homines
2188 1436 2451 1498 eruditos
2481 1436 2688 1497 redar-

452 1542 662 1604 guam;
716 1539 1072 1605 quamquam
1116 1522 1600 1603 reprehendendi
1641 1530 1808 1593 sunt,
1864 1524 1964 1602 qui
2004 1523 2067 1583 in
2098 1539 2319 1600 genere
2351 1521 2688 1583 definiendo

451 1611 593 1671 istas
633 1626 841 1671 causas
883 1606 1229 1671 describunt
1268 1610 1333 1668 in
1370 1609 1645 1688 personis
1688 1614 1748 1669 et
1786 1609 1849 1668 in
1892 1607 2259 1687 temporibus
2287 1609 2511 1692 positas
2539 1625 2687 1668 esse

315 1701 417 1753 139
453 1697 602 1758 Nam
635 1696 746 1756 etsi
772 1696 1091 1754 incurrunt
1119 1701 1390 1773 tempora
1420 1701 1481 1755 et
1508 1711 1817 1773 personae,
1848 1699 2050 1753 tamen
2078 1684 2545 1770 intellegendum
2580 1700 2685 1762 est,

451 1799 574 1841 non
605 1798 680 1840 ex
725 1782 838 1849 eiS,
892 1778 999 1839 sed
1044 1796 1119 1839 ex
1148 1796 1369 1858 genere
1398 1779 1765 1858 quaestionis
1794 1777 2059 1857 pendere
2101 1795 2324 1839 causas
2413 1777 2532 1838 Sed
2572 1778 2688 1838 hoc

451 1863 601 1924 nihil
641 1864 717 1924 ad
758 1880 887 1932 me;
940 1860 1170 1924 nullum
1211 1864 1369 1924 enim
1411 1863 1584 1925 nobis
1628 1870 1931 1924 certamen
1973 1881 2105 1924 cum
2147 1863 2276 1923 istis
2319 1880 2449 1922 esse
2490 1862 2685 1923 debet.

452 1948 707 2008 Tantum
738 1948 881 2007 satis
911 1953 1001 2007 est
1028 1945 1295 2026 intellegi
1325 1967 1401 2008 ne
1431 1950 1547 2010 hoc
1576 1948 1815 2029 quidem
1847 1966 1949 2009 eos
1978 1954 2362 2017 consecutoS,
2415 1947 2574 2027 quod
2616 1948 2677 2007 in

448 2038 614 2094 tanto
645 2032 764 2094 otio
796 2034 973 2092 etiam
1004 2032 1131 2094 sine
1175 2032 1287 2092 hac
1337 2032 1563 2095 forensi
1604 2035 2024 2095 exercitatione
2065 2032 2306 2093 efficere
2345 2039 2686 2112 potuerunt,

449 2125 516 2180 ut
564 2135 785 2197 genera
836 2135 1041 2178 rerum
1087 2117 1499 2179 discernerent
1540 2137 1725 2198 eaque
1767 2117 1964 2197 paullo
1994 2116 2267 2180 subtilius
2297 2116 2685 2197 explicarent.

315 2214 417 2266 140
448 2205 666 2267 Verum
699 2203 844 2275 hoc,
875 2208 943 2263 ut
972 2201 1120 2275 dixi,
1164 2202 1314 2264 nihil
1343 2203 1416 2264 ad
1447 2222 1564 2265 me.
1624 2202 1773 2264 Illud
1806 2203 1882 2264 ad
1910 2221 2007 2264 me
2039 2221 2106 2264 ac
2137 2201 2321 2263 multo
2354 2203 2532 2263 etiam
2562 2221 2687 2263 ma-

452 2423 662 2490 Species
688 2433 837 2474 unter
860 2424 1009 2474 einen
1032 2424 1259 2477 hoheren
1282 2425 1517 2478 Gesamt-

450 2492 638 2559 begriff
701 2493 1011 2543 subsumiert
1064 2493 1267 2544 werden
1322 2493 1514 2556 muss);

451 2563 572 2612 aber
597 2562 649 2611 in
674 2561 1136 2612 derWirklichkeit
1157 2562 1357 2613 verhiilt
1379 2561 1517 2613 siche

449 2631 661 2681 andersz
689 2630 789 2680 die
814 2629 1064 2680 Anzahl
1100 2630 1210 2680 der
1243 2645 1517 2681 concre-

450 2705 557 2748 ten
582 2698 878 2763 Anklage
897 2725 918 2734 -
957 2699 1110 2749 oder
1131 2698 1518 2749 Vertheidi-

450 2765 832 2830 gungsfalle
877 2766 964 2816 ist
997 2767 1356 2832 allerdings
1400 2783 1515 2818 un-

453 2834 596 2883 end}
613 2832 710 2881 ich
743 2846 962 2897 gross,
1001 2833 1181 2882 nicht
1222 2836 1377 2885 aber
1413 2835 1519 2884 die

453 2901 565 2950 der
596 2899 828 2964 allgem
843 2900 1029 2949 ein'en
1062 2901 1515 2966 Kategorieen.

519 2966 602 3031 32,
629 2976 721 3017 137.
757 2967 850 3016 Die
873 2968 1185 3033 Forderung,
1211 2970 1294 3019 die
1311 2970 1518 3019 Einzel—

449 3035 571 3085 falle
603 3034 700 3086 auf
731 3035 814 3084 die
849 3034 1152 3099 allgemeine
1175 3035 1399 3101 Gattnng
1424 3053 1519 3087 zn-

450 3102 857 3166 riickzufiihren‚
899 3102 997 3168 gilt
1026 3102 1159 3153 noch
1181 3104 1235 3154 in
1259 3104 1521 3156 erhohtem

451 3170 618 3221 Grade
641 3172 728 3221 bei
754 3172 844 3222 der
867 3171 1160 3223 constitutio
1185 3171 1465 3224 definitiva.

517 3239 780 3303 Mancini,
806 3240 829 3288 I
851 3237 936 3303 40,
963 3248 1057 3292 181.

518 3318 612 3361 138.
670 3310 874 3375 adfert,
933 3308 1011 3359 als
1060 3307 1519 3362 beachtenswertes

449 3378 805 3429 rednerisches
830 3377 1074 3427 Material.

512 3453 800 3512 praeterea
845 3445 895 3497 d.
933 3445 986 3500 h.
1029 3461 1212 3497 ausser
1243 3446 1334 3496 der
1357 3445 1514 3512 allge-

449 3515 654 3565 meinen
669 3515 960 3579 objectiven
969 3513 1268 3565 Thatsache.
1288 3516 1517 3574 homini-5,

451 3584 545 3634 des
591 3582 870 3648 speciellen
913 3583 1290 3634 IndividuumS.
1360 3590 1519 3634 extra

451 3652 820 3718 quaestionem,
857 3665 915 3700 so
952 3650 1076 3715 liegt
1099 3651 1191 3701 das
1216 3650 1515 3702 ausser-halb

450 3720 542 3770 des
578 3719 787 3772 Gebiets
836 3718 927 3767 der
970 3717 1305 3783 eigentlichen
1339 3719 1520 3769 Unter-

452 3787 704 3866 suchung
713 3788 805 3839 des
830 3785 1118 3866 objectiven
1140 3786 1516 3839 Thatbestands

450 3850 582 3920 (ἔξω
606 3852 709 3907 τοῦ
729 3870 806 3918 πρ
811 3847 1111 3984 οἱέματος).

517 3926 713 3982 οναιίο,
750 3938 845 3973 auc
905 3923 970 3973 da
1012 3938 1090 3974 wo
1115 3938 1234 3973 man
1258 3923 1368 3975 sich
1389 3925 1517 3975 iiber

450 3991 535 4041 die
544 3991 877 4043 individuelle
889 3991 1031 4056 dign.
1044 3992 1169 4043 oder
1183 3992 1382 4058 indign.
1395 4007 1518 4043 aus-

378 4108 389 4117 ,
452 4059 771 4123 zusprechen
797 4059 899 4110 hat.

507 4126 730 4177 homines
747 4128 991 4185 eruditos,
1016 4128 1110 4177 mit
1123 4128 1276 4178 leicht
1295 4130 1515 4179 erkenu-

449 4194 598 4242 barer
632 4193 819 4245 Ironie.
865 4195 1148 4256 Antonius,
1195 4196 1287 4246 der
1319 4212 1388 4246 an
1411 4196 1515 4247 Ge-

1618 2424 1949 2476 lehrsamkeit
1972 2423 2082 2475 sich
2106 2424 2198 2474 mit
2221 2424 2322 2474 den
2342 2424 2536 2489 griech.
2550 2424 2687 2474 Rhe·

1618 2503 1760 2544 toren
1786 2493 1926 2544 nicht
1958 2507 2162 2543 messen
2193 2492 2320 2554 will,
2357 2492 2516 2542 denkt
2550 2493 2691 2542 nicht

1620 2563 1776 2612 daran
1793 2600 1807 2624 ‚
1833 2561 1909 2611 sie
1933 2576 2051 2611 vom
2072 2559 2335 2626 gelehrten
2362 2560 2690 2627 Standpunkt

1619 2644 1713 2680 aus
1736 2647 1800 2680 zu
1809 2629 2135 2693 widerlegen.
2161 2626 2397 2692 Freilich,
2418 2629 2689 2679 derNaeh-

1619 2699 1742 2748 weis
1768 2699 1858 2748 der
1880 2695 2208 2763 praktischen
2219 2696 2690 2749 Unbrauchbarkeit

1617 2768 1766 2830 jener
1790 2764 2084 2829 Scheidung
2118 2764 2371 2815 zwischen
2396 2765 2688 2816 besondern

1621 2851 1673 2884 u.
1700 2833 2034 2899 allgemeineu
2047 2833 2219 2882 Fallen
2248 2832 2305 2897 (S
2329 2830 2453 2898 140)
2477 2849 2583 2884 war
2606 2834 2691 2884 die

1621 2901 1984 2966 schlagendste
2005 2901 2400 2965 Widerlegung.

1620 2969 2688 3103 212²?323⁶ss21‘ssi'312‘5'1233’2’1Sssilffiffissss

1621 3108 1889 3169 kommen,
1918 3107 2040 3156 dass
2066 3107 2141 3156 sie
2165 3106 2254 3168 da,
2281 3119 2356 3155 wo
2384 3121 2439 3155 es
2465 3105 2577 3156 sich
2598 3122 2688 3156 um

1621 3175 1707 3225 die
1739 3173 2090 3240 Bestimmung
2131 3174 2223 3224 des
2258 3188 2423 3238 genus
2459 3173 2687 3237 handen,

1621 3258 1721 3293 von
1748 3243 1847 3293 den
1871 3243 2072 3309 species
2096 3240 2338 3292 handeln.

1689 3320 1779 3362 139.
1807 3327 1878 3362 ex
1891 3326 2081 3376 yenere
2099 3312 2425 3376 quaestionis,
2444 3324 2546 3360 von
2569 3310 2685 3360 dem

1622 3378 2060 3445 Gattnngsbegriff
2104 3378 2194 3428 der
2225 3378 2388 3443 Frage
2429 3379 2553 3429 oder
2596 3379 2688 3428 der

1619 3448 1958 3512 allgemeinen
1982 3447 2161 3512 Frage.
2201 3447 2361 3505 nobis,
2386 3447 2463 3497 als
2487 3447 2688 3498 blosser

1619 3516 1903 3567 Praktiker.

1692 3585 1991 3635 Tantum—
1928 3582 2296 3648 —gleichfalls
2322 3580 2573 3633 ironisch:
2604 3582 2687 3633 die

1618 3652 1847 3704 Einsicht
1869 3655 2063 3718 geniigt
2086 3651 2265 3703 schon.

1685 3723 1740 3771 in
1772 3728 1912 3771 tanto
1939 3721 2065 3778 otio,
2116 3719 2209 3770 das
2243 3717 2491 3770 Graecum
2525 3720 2686 3770 otium

1618 3803 1723 3839 war
1755 3786 2153 3854 sprichwortlich
2185 3785 2374 3850 01.30‚
2414 3796 2487 3838 108
2535 3802 2683 3837 nemo

1621 3858 1758 3907 enim
1792 3866 1957 3906 orator
1988 3863 2093 3905 tam
2125 3856 2284 3905 multa
2316 3871 2381 3905 ne
2414 3857 2469 3905 in
2494 3856 2683 3906 Graeco

1619 3925 1825 3987 quidem
1844 3924 1946 3974 otio
1966 3923 2189 3990 scripsit,
2214 3939 2368 3988 quam
2386 3924 2547 3974 multa
2566 3933 2684 3974 sunt

1618 4001 1810 4044 nostra.

1679 4066 1986 4126 potuerunt,
2032 4030 2419 4111 unzweifelhaft
2456 4060 2683 4126 gehonnt

1616 4128 1812 4190 haben,
1837 4129 2028 4194 gerade
2049 4129 2126 4178 als
2150 4128 2203 4178 h.
2231 4129 2431 4178 eruditi.

1685 4204 1779 4251 140.
1814 4199 1887 4248 ad
1916 4212 2006 4249 voa
2048 4221 2119 4236 ·—
2162 4196 2246 4246 die
2279 4195 2361 4246 ihr
2395 4197 2526 4246 eben
2560 4197 2684 4247 iiber
