2930 4693
856 235 955 299 DE
999 234 1355 301 ORATORE
1394 235 1449 297 ΙΙ
1493 233 1594 301 38.
1642 242 1760 296 157.
1804 243 1920 297 158.

2380 241 2504 306 149

268 425 407 469 rum
437 405 765 468 studiorum
797 413 858 467 et
884 408 1272 487 suspitionem
1302 406 1535 468 artificii
1564 405 1720 487 apud
1751 394 1881 477 eos,
1933 407 2037 487 qui
2076 423 2176 469 res
2219 407 2501 478 iudicent,

270 492 496 553 oratori
524 491 918 555 adversariam
951 510 1082 555 esse
1111 491 1397 563 arbitron
1429 493 1730 553 imminuit
1757 493 1917 554 enim
1942 499 2000 553 et
2023 494 2278 554 oratoris
2300 501 2504 555 aucto-

269 579 506 639 ritatem
539 583 598 638 et
627 577 913 639 orationis
939 576 1137 640 fldem.

440 661 588 733 Sed,
619 669 687 724 ut
715 680 788 724 eo
817 670 1156 734 revocetur,
1196 662 1355 724 unde
1397 663 1516 724 huc
1545 660 1863 724 declinavit
1890 663 2109 733 oratio,
2155 680 2230 724 ex
2258 657 2660 731 tribus38157

268 748 400 809 istis
428 746 770 810 clarissimis
797 747 1191 830 philosophis,
1235 766 1384 829 quos
1411 748 1662 809 Romam
1703 749 1935 809 venisse
1977 747 2209 819 dixisti,
2262 747 2505 810 videsne

268 832 593 911 Diogenem
645 832 854 904 fuisse,

907 835 1009 914 qui
1048 833 1274 895 diceret
1315 840 1506 895 artem
1534 851 1600 894 se
1629 831 1869 894 tradere
1898 832 2053 894 hene
2084 833 2418 895 disserendi
2446 842 2507 895 et

268 936 409 979 vera
439 935 508 978 ac
538 915 685 979 falsa
715 916 1104 990 diiudicandi,
1147 937 1322 999 quam
1353 917 1537 980 verbo
1567 918 1795 980 Graeco
1825 912 2261 1000 διαλεκτικὴν
2303 917 2504 1000 appel-

268 1001 458 1064 laret?
513 1001 584 1063 ln
612 1002 725 1064 hac
754 1009 911 1075 arte,
955 1005 1007 1066 si
1032 1003 1211 1065 modo
1243 1010 1333 1065 est
1359 1003 1509 1064 haec
1540 1021 1637 1064 ars
1653 1050 1668 1074 ‚
1716 1002 1945 1065 nullum
1976 1010 2069 1065 est
2097 1011 2502 1085 praeceptum,

268 1104 388 1168 quo
417 1086 595 1149 modo
626 1105 830 1150 verum
858 1089 1218 1160 inveniatur,
1269 1088 1376 1151 sed
1402 1094 1636 1150 tantum
1667 1095 1789 1161 est,
1833 1107 1951 1169 quo
1981 1087 2161 1151 modo
2187 1089 2502 1151 iudicetur.

267 1172 421 1234 Nam
451 1179 512 1233 et
538 1191 744 1244 omne,
776 1173 936 1255 quod
965 1172 1298 1255 eloquimur
1326 1175 1429 1245 sic,
1478 1180 1546 1234 ut
1571 1172 1633 1234 id
1651 1181 1765 1240 ,aut
1794 1191 1925 1237 esse
1955 1173 2221 1239 dicamus
2250 1181 2353 1236 aut
2379 1191 2501 1235 non
2537 1182 2638 1238 158

270 1274 402 1319 esse
433 1264 520 1329 et,
551 1259 604 1319 si
632 1257 980 1340 simpliciter
1009 1259 1229 1321 dictum
1262 1260 1370 1330 sit,
1402 1259 1736 1339 suscipiunt
1764 1258 2083 1330 dialectici,
2129 1267 2196 1321 ut
2222 1258 2503 1331 iudicent,

271 1360 556 1404 verumne
585 1344 662 1404 sit
690 1361 766 1404 an
795 1342 1038 1415 falsum;
1084 1351 1169 1415 et,
1213 1345 1265 1405 si
1293 1345 1608 1407 coniuncte
1636 1344 1714 1405 sit
1742 1341 1961 1405 elatum
1993 1352 2054 1406 et
2082 1344 2357 1406 adiuncta
2386 1346 2507 1406 sint

272 1426 386 1489 alia
399 1474 416 1498 ,
466 1427 760 1500 iudicant,
808 1436 1052 1491 rectene
1102 1429 1378 1491 adiuncta
1416 1430 1537 1490 sint
1577 1435 1639 1490 et
1675 1445 1893 1491 verane
1938 1447 2170 1491 summa
2212 1432 2289 1491 sit
2328 1431 2506 1491 unius

270 1513 554 1594 cuiusque
583 1514 859 1586 rationis,
902 1520 962 1576 et
991 1513 1065 1576 ad
1096 1522 1425 1577 extremum
1453 1514 1567 1594 ipsi
1597 1531 1662 1576 se
1690 1522 2101 1594 compungunt
2128 1516 2251 1577 suis
2280 1516 2504 1576 acumi-

267 1747 335 1803 τ’
382 1738 597 1819 ἡλικία·
646 1741 752 1804 ἐὰν
775 1743 841 1805 δὲ
876 1746 1190 1819 περαιτέρω
1233 1747 1336 1805 τοῦ

267 1769 504 1881 affunde,-
524 1802 886 1888 ἔνὸιατρίψῃ,
899 1814 1205 1887 διαφθορὰ
1224 1818 1336 1874 τῶν

266 1880 613 1954 ἀνθρώπων.
660 1889 779 1955 Vgl.
806 1890 871 1940 de
894 1888 980 1940 fin.
1007 1891 1029 1939 1
1062 1889 1108 1952 1,
1136 1899 1157 1940 1
1206 1889 1335 1940 Nam

267 1956 578 2022 quibusdam
614 1963 664 2006 et
695 1959 768 2007 eis
802 1957 1007 2020 quidem
1031 1972 1133 2007 non
1157 1959 1336 2009 admo-

267 2025 394 2075 dum
417 2025 639 2077 indoctis
662 2032 823 2076 totum
840 2023 939 2075 hoc
957 2025 1194 2092 displicet
1215 2025 1334 2092 pbi-

267 2092 556 2159 losophari3
592 2093 801 2157 quidam
826 2100 1003 2143 autem
1025 2108 1126 2144 non
1150 2094 1205 2144 id
1227 2102 1333 2144 tam

265 2159 648 2227 reprehendunt
670 2161 718 2211 si
732 2162 1001 2212 remissius
1018 2168 1214 2227 agatur,
1238 2163 1332 2213 sed

265 2235 468 2278 tantum
492 2229 715 2279 studium
740 2237 947 2292 tamque
968 2230 1180 2280 multam
1204 2245 1332 2297 ope-

267 2311 376 2346 ram
400 2296 691 2375 ponendam
713 2298 767 2348 in
792 2311 852 2349 eo
877 2311 982 2349 non
1005 2299 1329 2351 arbitrantur.

334 2385 662 2448 mpitionem
683 2384 905 2448 artificii,
931 2384 965 2446 S
991 2381 1106 2436 153.

336 2463 428 2529 38,
464 2477 558 2520 15⁷.
602 2476 660 2519 ut
689 2484 750 2520 eo
772 2476 1068 2528 revocetur,
1117 2469 1337 2520 nfimlich

270 2549 366 2585 zur
398 2535 743 2603 Feststellung
787 2537 875 2587 der
908 2537 1137 2589 Bedeutu
1245 2538 1336 2589 der

265 2602 588 2669 wichtigsten
609 2604 1070 2671 philosophischen
1086 2606 1151 2657 Ri
1217 2613 1336 2657 tun-

268 2686 371 2737 gen
393 2670 476 2722 fiir
500 2673 585 2723 die
607 2672 941 2724 reduerische
963 2674 1210 2727 inventio,

334 2770 460 2807 vera
483 2772 546 2807 ac
562 2757 706 2820 falsa
728 2759 1060 2817 diiudicandi,
1085 2761 1108 2810 I
1129 2758 1214 2822 42,
1239 2766 1331 2809 188.

266 2824 421 2875 Tusc.
438 2825 485 2875 V
502 2824 589 2891 25,
612 2834 665 2876 ⁷2
688 2825 931 2888 Sequitur
948 2826 1111 2891 tertia,
1123 2841 1333 2889 —quae

265 2906 375 2941 rem
393 2892 585 2957 definit,
601 2895 1050 2962 generadispertiss
1069 2895 1333 2958 sequentia

267 2960 523 3027 adiungit,
559 2961 785 3028 perfecta
818 2964 1101 3027 concludit,
1134 2978 1258 3015 vera
1281 2969 1335 3013 et

262 3029 407 3108 safra
438 3030 707 3091 diiudicat,
769 3031 1060 3082 disserendi
1105 3030 1235 3082 ratio
1283 3038 1333 3081 et

267 3098 499 3151 scientia.

334 3167 384 3215 si
402 3168 550 3218 modo
575 3174 656 3218 ese
682 3167 811 3218 haec
844 3184 950 3227 ars,
986 3168 1020 3230 S
1044 3164 1161 3220 182.
1197 3165 1332 3218 Vom

267 3231 596 3299 Standpunkt
629 3234 722 3285 des
754 3236 921 3301 prakt.
947 3236 1160 3287 uomere
1193 3235 1334 3286 hatte

267 3300 351 3351 die
385 3301 645 3353 Dialekfik
687 3303 763 3354 als
809 3303 984 3355 solche
1020 3304 1148 3354 eben
1182 3304 1333 3354 keine

266 3367 402 3419 hohe
424 3369 745 3436 Bedeutung.

333 3440 518 3489 ’natham
535 3446 615 3490 est
625 3447 960 3506 praeceptum
977 3447 1075 3490 etc.
1101 3438 1290 3506 Top.2,
1306 3447 1332 3490 6

269 3504 397 3556 Cum
431 3507 598 3558 omnis
630 3508 758 3558 ratio
793 3507 1010 3574 diligens
1045 3507 1331 3559 disserendi

267 3573 399 3625 duas
422 3573 573 3626 habet
593 3583 795 3641 partes,
830 3590 985 3627 unam
1017 3576 1329 3641 inveniendi,

266 3641 477 3692 alteram
510 3643 848 3708 diiudicandi,
891 3644 1156 3709 utriusque
1187 3645 1332 3709 prin-

266 3722 391 3774 ceps
415 3737 479 3747 —
503 3710 940 3763 Aristotelesfnit.
977 3711 1142 3764 Stoici
1161 3719 1333 3764 autem

266 3776 317 3826 iu
331 3778 489 3828 altera
499 3778 900 3832 elaboraverunt.
923 3781 1185 3832 Iudicandi
1197 3782 1332 3832 enim

267 3844 376 3895 vias
395 3845 663 3912 diligenter
678 3850 932 3914 persecuti
947 3858 1068 3901 sunt
1086 3864 1146 3900 ea
1163 3850 1330 3901 scien-

264 3913 354 3975 tia‚
380 3928 532 3977 quam
556 3909 1224 3985 &calmeturjv-appellant,
1250 3921 1328 3970 in-

263 3983 502 4034 veniendi
522 3996 641 4033 vero
666 3990 842 4045 artem,
868 4001 999 4051 quae
1021 3979 1230 4056 τοπική
1252 3987 1329 4038 di-

266 4049 420 4112 citur,
469 4064 701 4115 quaeque
736 4054 802 4103 ad
835 4068 985 4105 usum
1019 4056 1186 4121 potior
1209 4063 1332 4119 erat,

267 4123 320 4166 et
344 4117 524 4168 ordine
555 4128 767 4170 naturae
799 4128 935 4172 certe
966 4123 1133 4188 prior,
1176 4131 1333 4176 totam

266 4186 601 4251 reliquemnt.
640 4186 723 4240 Or.
751 4186 842 4253 32,
879 4197 954 4240 114
1000 4205 1119 4241 nam
1145 4194 1332 4259 etipse

265 4253 570 4305 Aristoteles
594 4256 801 4307 tradidit
822 4267 1094 4326 praecepta
1113 4259 1331 4325 plurima

1436 1749 1724 1803 disserendi
1756 1761 1807 1803 et
1834 1758 2014 1819 postea
2037 1752 2123 1816 qui
2148 1750 2398 1803 dialectici
2421 1750 2500 1803 di-

1436 1829 1619 1871 cuntur
1640 1823 1937 1887 spinosiora
1959 1820 2120 1870 multa
2143 1828 2465 1886 pepererunt.

1504 1897 1598 1939 158.
1636 1889 1783 1948 Nam,
1809 1888 2163 1954 ‚Begri'mdung
2186 1888 2278 1938 des
2303 1888 2502 1950 Satzes,

1437 1957 1559 2007 dass
1584 1956 1667 2007 die
1688 1956 1945 2008 Dialektik
1980 1972 2077 2007 nur
2110 1954 2206 2007 auf
2232 1956 2317 2006 die
2339 1956 2503 2007 Kritik

1436 2023 1528 2074 der
1572 2023 1878 2091 Richtigkeit
1934 2024 2058 2075 oder
2113 2022 2499 2091 Unrichtigkeit‚

1434 2092 1576 2142 nicht
1610 2091 1704 2143 auf
1743 2093 1837 2143 das
1870 2092 2065 2143 Finden
2112 2092 2203 2143 der
2233 2091 2503 2141 Wahrheit

1432 2159 1681 2226 gerichtet
1705 2161 1798 2210 sei.
1843 2161 1916 2210 Ist
1940 2160 2024 2210 die
2058 2161 2344 2226 positive
2378 2160 2504 2210 oder

1433 2228 1746 2293 negative
1790 2227 2130 2294 Behauptung
2188 2227 2329 2276 eine*
2359 2227 2458 2276 ein
2476 2254 2501 2264 -

1431 2294 1621 2346 fache
1651 2295 1948 2362 Aussage
1991 2293 2101 2361 (ein
2146 2308 2241 2345 aus
2275 2293 2501 2360 Subject,

1436 2363 1703 2415 Praedicat
1716 2362 1972 2430 u.Copula
1982 2362 2322 2415 bestehender
2333 2361 2500 2426 San),

1436 2447 1495 2483 so
1523 2431 1720 2483 besteht
1743 2430 1850 2481 ihre
1874 2431 2035 2482 Kritik
2069 2431 2240 2491 datin,
2278 2432 2401 2483 dass
2425 2433 2503 2481 sie

1437 2498 1637 2551 einfach
1661 2498 1789 2549 iiber
1813 2500 1896 2549 die
1918 2498 2227 2563 Richtigkeit
2250 2498 2375 2548 oder
2396 2499 2499 2549 Un-

1434 2567 1725 2633 richtigkeit
1759 2567 1851 2618 der
1874 2567 2110 2631 Aussage
2145 2565 2471 2617 entscheiden
2483 2584 2500 2627 ;

1434 2634 1636 2687 besteht
1666 2635 1792 2685 aber
1825 2634 1909 2685 die
1928 2634 2152 2701 positive
2184 2633 2309 2688 oder
2340 2648 2501 2700 nega-

1429 2704 1536 2753 tive
1552 2701 1893 2769 Behanptung
1912 2717 2007 2753 aus
2031 2700 2363 2752 mehreren
2385 2702 2501 2752 mit

1433 2770 1743 2822 einander
1798 2771 2174 2822 verbunden
2192 2785 2264 2820 en
2324 2770 2503 2823 Glie-

1433 2839 1588 2890 dern
1613 2835 1713 2905 (im
1740 2846 2305 2905 zusammengesetzten
2330 2837 2500 2904 Satz),

1432 2907 1616 2958 sodass
1633 2906 1866 2957 mehrere
1877 2908 2230 2974 Folgerungen
2255 2907 2500 2958 aneinan·

1432 2974 1720 3042 dergereiht
1761 2975 1869 3026 und
1904 2976 1989 3027 ein
2023 2975 2236 3027 Schlnss
2269 2990 2501 3042 gezogen

1432 3043 1578 3106 wird,
1606 3043 1745 3093 daun
1766 3042 1950 3095 richtet
1972 3043 2082 3095 sich
2104 3044 2215 3094 ihre
2233 3044 2399 3094 Kritik
2413 3042 2508 3094 auf

1435 3111 1518 3161 die
1550 3111 1932 3178 Folgerungen,
1982 3113 2065 3163 die
2099 3111 2502 3164 Subsumtionen

1433 3176 1724 3243 (adiuncta)
1753 3180 1861 3231 und
1885 3180 1985 3230 den
2010 3179 2335 3231 Schlnsssatz
2360 3180 2501 3229 eines

1428 3247 1589 3311 jeden
1600 3246 1942 3312 Syllogismus
1967 3248 2038 3298 111
2061 3246 2145 3311 53,
2170 3257 2247 3299 203
2271 3247 2501 3313 (summa

1435 3315 1588 3365 unius
1612 3315 1863 3377 cuiusque
1885 3315 2140 3379 rationis).
2178 3315 2308 3366 Dem
2331 3324 2502 3366 ersten

1432 3388 1487 3433 et
1521 3379 1642 3447 (vor
1666 3380 1843 3447 omne)
1875 3382 2162 3449 suscipiunt
2188 3399 2241 3433 u.
2267 3383 2303 3434 i.
2338 3379 2502 3447 (iudi-

1433 3448 1577 3513 cant)
1612 3448 1891 3517 entspricht
1922 3449 2015 3499 das
2053 3449 2204 3500 letzte
2239 3457 2292 3501 et
2318 3465 2411 3501 vor
2433 3450 2502 3501 ad

1434 3525 1746 3581 extremum,
1785 3517 1878 3568 das
1914 3517 2091 3568 zweite
2114 3525 2168 3570 et
2188 3531 2283 3569 vor
2304 3518 2351 3568 si
2374 3517 2497 3568 sim·

1431 3585 1633 3650 pliciter
1677 3586 1793 3637 dem
1828 3585 2021 3637 andern
2067 3594 2122 3637 et
2164 3600 2259 3638 vor
2291 3587 2340 3637 si
2373 3599 2500 3636 con-

1431 3655 1619 3705 iuncte.

1503 3724 1688 3774 elatum
1720 3720 1803 3774 Or.
1829 3720 1914 3785 22,
1940 3730 1993 3772 72
2032 3722 2212 3774 eadem
2236 3736 2319 3772 res
2343 3735 2500 3787 saepe

1433 3797 1524 3908 apt
1556 3791 1922 3908 pfogaturbam
1955 3790 2179 3842 reiicitur
2209 3789 2309 3841 alio
2344 3796 2500 3854 atque

1434 3872 1464 3909 a
1488 3871 1533 3908 ιο
1560 3872 1587 3907 e
1608 3872 1639 3908 a
1713 3872 1804 3907 ver
1838 3871 1889 3908 o.

1501 3932 1726 3983 rectene,
1750 3924 1946 3990 logisch
1969 3924 2169 3993 richtig.

1502 3994 1576 4044 ad
1619 4001 1921 4053 extremam,
1983 3992 2113 4044 nach
2163 3991 2502 4061 Beendigung

1431 4060 1569 4111 ihrer
1591 4060 1961 4112 dialektischen
1984 4061 2148 4112 Kritik
2170 4076 2236 4112 an
2261 4060 2500 4129 Behanp-

1430 4137 1644 4195 tungen,
1658 4129 1741 4179 die
1751 4129 1827 4179 sie
1838 4128 2315 4190 bestritten‚richten
2326 4131 2402 4182 sie
2412 4131 2501 4181 die

1433 4195 1673 4249 Stacheln
1706 4196 1842 4247 ihrer
1872 4197 2233 4265 spitzflndigen
2259 4196 2497 4251 Schluss-

1432 4264 1769 4334 folgerungen
1793 4279 1963 4335 gagen
1984 4265 2097 4321 sich
2119 4266 2294 4325 selbst.
