2930 4693
472 239 595 306 188
1140 235 1240 300 DE
1285 229 1638 299 ORATORE
1678 230 1732 297 11
1773 232 1876 299 64.
1920 240 2040 296 257.

473 403 732 484 ambigui
761 421 999 483 genera,
1044 403 1119 468 de
1161 404 1376 487 quibus
1405 413 1496 468 est
1536 405 1804 467 doctrina
1841 404 2130 486 quaedam
2174 402 2465 478 subtilior,
2509 414 2702 469 atten-

471 489 615 552 dere
647 497 707 551 et
735 492 1019 572 aucupari
1062 490 1244 553 verba
1286 490 1614 571 oportebit;
1656 492 1719 552 in
1755 510 1893 571 quo,
1936 497 2003 551 ut
2042 509 2127 562 ea,
2173 509 2327 571 quae
2367 493 2488 554 sint
2529 491 2700 571 frigi·

472 574 653 646 diora,
677 576 924 637 vitemus
950 576 1188 657 (etenim
1212 575 1537 638 cavendum
1561 583 1668 645 est,
1695 594 1771 637 ne
1797 577 2144 638 arcessitum
2168 575 2390 637 dictum
2413 579 2697 658 putetur),

469 657 764 740 permulta
797 667 995 722 tamen
1025 667 1194 722 acute
1225 660 1508 723 dicemus,

639 743 905 807 Alterum
935 763 1123 824 genus
1152 752 1257 816 est,
1300 745 1460 826 quod
1491 744 1672 807 habet
1709 762 1950 826 parvam
1991 745 2160 807 verbi
2198 747 2694 816 immutationem,

470 828 630 910 quod
655 830 720 889 in
738 828 934 891 littera
962 831 1218 910 positum
1241 830 1455 892 Graeci
1482 838 1694 910 vocant
1732 828 2262 913 παρονομασίαν,
2292 839 2360 892 ut
2388 834 2409 865 ‘
2425 829 2697 894 Nobilio-

470 933 599 975 rem
625 913 1046 976 nobiliorem'
1079 916 1247 977 Cato:
1286 923 1403 986 aut,
1426 922 1494 976 ut
1513 914 1690 986 idem,
1717 921 1851 976 cum
1875 914 2105 976 cuidam
2136 914 2403 976 dixisset:
2436 915 2456 946 ‘
2475 914 2696 977 Eamus

472 996 947 1060 deambulatum’
992 1007 1051 1060 et
1077 998 1206 1060 ille:
1253 999 1442 1072 ‘Quid
1480 992 1628 1080 opus
1657 1001 1768 1061 suit
1796 998 1944 1061 de?'
2006 999 2230 1060 ‘Immo
2270 1018 2432 1071 vero,
2476 1001 2692 1079 inquit,

471 1083 612 1164 quid
642 1101 791 1163 opus
819 1082 931 1144 fuit
972 1085 1102 1145 te?'
1150 1092 1250 1145 aut
1278 1084 1540 1146 eiusdem
1572 1086 1881 1164 responsio
1910 1082 2041 1145 illa:
2086 1084 2187 1146 ‘Si
2215 1092 2278 1145 tu
2323 1093 2383 1146 et
2409 1083 2696 1146 adversus

472 1176 532 1229 et
559 1185 801 1229 aversus
827 1168 1160 1249 impudicus
1189 1172 1298 1230 es?

642 1251 832 1313 Etiam
861 1254 1275 1334 interpretatio
1306 1255 1564 1315 nominis
1592 1253 1775 1315 habet
1800 1271 2071 1324 acumen,
2106 1271 2243 1315 cum
2272 1254 2347 1316 ad
2375 1251 2696 1316 ridiculum

474 1344 800 1408 convertas,
832 1337 1220 1418 quamohrem
1250 1340 1331 1401 ita
1360 1340 1493 1419 quis
1520 1345 1787 1400 vocetur:
1831 1349 1910 1400 ut·
1938 1357 2047 1417 ego
2091 1356 2283 1420 nuper
2314 1344 2334 1375 ‘
2351 1339 2695 1401 Nummium

472 1422 804 1492 divisorem,
848 1430 914 1484 ut
941 1421 1396 1504 Neoptolemum
1425 1423 1499 1485 ad
1529 1423 1787 1496 Troiam,
1826 1425 1911 1485 sic
1953 1422 2122 1486 illum
2150 1425 2213 1485 in
2244 1442 2454 1506 campo
2483 1423 2695 1485 Martio

428 1576 432 1580 ⁴
471 1524 689 1568 nomen
717 1509 1058 1570 invenisse?

276 1618 305 1649 ·.
346 1595 428 1667 64
638 1593 827 1673 Atque
878 1593 1027 1655 haec
1072 1595 1270 1656 omnia
1315 1592 1497 1655 verbo
1541 1594 1941 1655 continentur.
2033 1594 2223 1672 Saepe
2266 1594 2445 1654 etiam
2488 1610 2695 1654 versus

469 1676 660 1738 facete
688 1679 1104 1758 interponitur,
1137 1676 1230 1739 vel
1258 1686 1324 1740 ut
1353 1684 1443 1738 est
1471 1675 1563 1738 vel
1589 1677 1917 1759 paullulum
1944 1679 2306 1749 immutatus,
2352 1683 2454 1738 aut
2496 1675 2692 1756 aliqua

468 1780 607 1842 pars
635 1780 872 1831 versus;
913 1769 977 1824 ut
1007 1763 1176 1824 Statii
1205 1783 1237 1825 a
1269 1764 1495 1825 Scauro
1524 1762 1931 1824 stomachante
1967 1761 2059 1842 (ex
2088 1781 2205 1843 quo
2234 1773 2375 1824 sunt
2402 1760 2693 1845 nonnulli,

469 1846 571 1924 qui
600 1853 763 1906 tuam
791 1844 985 1924 legem
1016 1847 1090 1908 de
1121 1848 1351 1909 civitate
1382 1854 1602 1918 natam,
1632 1848 1860 1919 Crasse,
1895 1847 2142 1925 dicant):

633 1929 716 2018 S't,
747 1954 954 2017 tacete,
987 1946 1129 2027 quid
1158 1947 1273 2009 hoc
1303 1947 1615 2011 clamoris?
1645 1948 1861 2029 quibus
1889 1967 2001 2010 nec
2031 1950 2223 2011 mater
2252 1966 2364 2010 nec
2394 1956 2584 2029 pater,

637 2031 828 2091 Tanta
856 2030 1248 2092 confidentia?
1278 2033 1520 2094 Auferte
1551 2034 1724 2096 istam
1756 2035 1914 2095 enim
1946 2033 2304 2114 superbiam.

469 2114 618 2176 Nam
646 2117 712 2176 in
743 2113 942 2178 Caelio
972 2133 1114 2177 sane
1146 2118 1322 2178 etiam
1353 2116 1427 2178 ad
1457 2135 1696 2179 causam
1724 2117 1868 2179 utile
1899 2118 2011 2180 fuit
2037 2125 2205 2180 tuum
2233 2117 2410 2189 illud,
2452 2119 2692 2188 Antoni,

469 2218 606 2262 cum
634 2199 735 2262 ille
765 2219 799 2262 a
828 2220 892 2263 se
922 2200 1238 2283 pecuniam
1266 2201 1599 2283 profectam
1641 2201 1867 2266 diceret
1907 2204 2074 2266 testis
2118 2210 2178 2265 et
2217 2202 2469 2266 haberet
2506 2201 2696 2266 filium

468 2283 888 2360 delicatiorem,
921 2285 1177 2350 abeunte
1204 2287 1324 2349 iam
1350 2285 1475 2360 illo,

872 2372 1100 2435 Sentin'
1131 2390 1338 2478 stglem
1369 2389 1501 2437 esse
1528 2373 1765 2437 tactum·
1781 2374 2026 2454 triginta
2054 2375 2267 2438 minis?

341 1268 440 1318 257

466 2558 593 2610 mihi
624 2559 860 2611 videntur
895 2560 943 2610 ei
983 2560 1167 2611 melius
1210 2575 1392 2622 nosse,
1442 2561 1532 2624 qui

467 2627 721 2679 dialectici
741 2628 1063 2694 appellantur
1095 2628 1278 2692 (daher
1299 2629 1410 2680 hier
1434 2630 1527 2681 do·

467 2698 629 2747 ctrina
651 2696 904 2759 quaedam
928 2697 1202 2760 subtilior).

533 2766 802 2815 attendere
849 2761 944 2815 etc.
1004 2792 1066 2802 —
1123 2780 1210 2815 um
1260 2774 1385 2816 stete
1433 2766 1528 2816 das

465 2830 809 2949 reclfitzWort
843 2846 963 2882 zum
987 2830 1341 2899 Gegenschlag
1360 2833 1532 2884 -bereit

465 2914 532 2949 zu
591 2913 623 2948 a
660 2914 740 2948 en.

532 2973 605 3082 2151,
664 2974 826 3082 egga
848 2966 987 3016 dass.
1018 2966 1316 3033 frigidiora,
1343 2968 1426 3019 Or.
1442 2966 1528 3028 26,

465 3042 517 3084 89
563 3066 597 3093 θ’
786 3069 799 3084 fl

533 3107 722 3162 tamen,
757 3100 898 3152 'daun
931 3099 1103 3151 lasseu
1127 3101 1235 3151 sich
1253 3101 1529 3165 jedenfalls

461 3169 618 3303 {aabSei
640 3166 760 3220 sehr
784 3168 882 3219 viel
903 3168 1154 3219 treffende
1168 3169 1332 3235 Dinge
1349 3185 1527 3236 sagen.

529 3304 762 3357 Alterum
789 3329 845 3342 -—
874 3320 1023 3355 wenn
1046 3320 1166 3356 man
1187 3305 1408 3356 namlich
1434 3305 1529 3357 das

461 3374 762 3439 ambiguum
776 3372 917 3423 nicht
934 3374 1008 3424 als
1025 3374 1313 3426 besondere
1322 3375 1413 3424 Ein
1421 3374 1524 3425 zel-

461 3440 688 3507 Gattung
718 3441 951 3504 reehnet‚
996 3443 1221 3493 sondern
1253 3452 1402 3493 uuter
1432 3456 1525 3493 au-

465 3510 592 3560 dern
614 3510 774 3560 Arten
796 3508 1102 3560 mitbefasst.

527 3579 925 3637 immutationem,
959 3577 1042 3628 Or.
1079 3577 1162 3639 25,
1197 3586 1250 3627 84
1289 3578 1527 3628 immuta·

460 3645 617 3763 ti021u}³
658 3644 851 3695 litterae
908 3645 1168 3709 quaesitae
1211 3651 1527 3697 venustates.

527 3780 838 3832 Nobiliorem
860 3780 1182 3832 Mobiliorem
1215 3780 1436 3831 erinnert
1458 3796 1526 3831 an

462 3847 556 3898 das
599 3846 859 3913 englische
893 3848 1105 3913 nobility
1147 3849 1257 3899 und
1296 3849 1527 3914 mobility

460 3915 773 3978 (Hochadel,
810 3915 1058 3966 Noblesse
1089 3916 1197 3967 und
1227 3913 1526 3983 Janhagel),

460 3982 582 4033 Hor.
603 3983 687 4034 od.
707 3983 778 4032 17
796 3984 1058 4034 mobilium
1079 3983 1525 4044 turbaQuiritium.

530 4049 665 4109 Quid
703 4066 832 4116 opus
870 4052 977 4113 fuit
1019 4053 1102 4102 de.
1184 4052 1332 4102 Auch
1380 4052 1526 4103 darin

367 4096 372 4101 ’
461 4117 662 4166 mochte
685 4118 795 4167 sich
819 4119 909 4168 der
929 4117 1215 4183 Gegensatz
1240 4133 1408 4184 gegen
1432 4120 1525 4171 das

459 4182 798 4235 Altromisehe
822 4185 1135 4248 offenbaren,
1159 4185 1280 4236 dass
1305 4187 1388 4237 die
1411 4186 1523 4236 An-

459 4246 657 4318 hanger
698 4251 788 4304 der
819 4252 1100 4306 moderuen
1131 4253 1390 4319 Richtung
1421 4254 1524 4306 alte

1632 2559 2027 2627 Spraehformen
2059 2558 2356 2611 absichtlich
2383 2560 2696 2611 vermieden.

1630 2629 1723 2679 Als
1750 2628 1907 2679 daher
1930 2629 2012 2678 ein
2030 2627 2228 2678 solcher
2244 2629 2510 2679 model-ner
2524 2628 2698 2678 Purist

1633 2697 1726 2747 das
1751 2696 1842 2756 de,
1879 2696 1973 2748 das
2000 2696 2123 2747 Cato
2147 2710 2240 2746 vor
2261 2696 2575 2746 ambulatum
2599 2711 2694 2761 ge-

1631 2763 1848 2814 braucht
1878 2762 2044 2829 hatte,
2086 2763 2164 2815 als
2198 2763 2573 2828 fiberssiissigen
2594 2766 2693 2813 Ar·

1632 2831 1892 2883 chaismus
1939 2830 2183 2897 verwarf‚
2230 2832 2387 2897 gieng
2432 2832 2549 2883 dem
2582 2830 2694 2881 Alt-

1630 2902 1799 2950 riimer
1823 2900 1908 2951 die
1932 2897 2075 2949 Galle
2096 2901 2239 2950 iiber.

1667 2968 1945 3087 aadver-sua
1970 2961 2315 3034 ἔμπροσθεν,
2339 2982 2549 3018 aversus
2569 2957 2696 3019 ὄπι-

1632 3048 1665 3085 σ
1717 3050 1797 3087 εν.

1698 3101 1783 3164 64,
1806 3111 1900 3154 257.
1933 3107 1989 3152 ut
2013 3101 2187 3163 Statii,
2210 3118 2256 3153 s.
2283 3102 2390 3153 ind.
2416 3101 2631 3153 Statius.

1700 3176 1855 3230 tuam,
1903 3185 1947 3220 s.
1984 3170 2115 3221 Einl.
2150 3172 2174 3221 1
2206 3167 2238 3236 S
2273 3169 2363 3231 10,
2397 3179 2468 3221 92.
2515 3169 2697 3236 quibus

1630 3235 1884 3302 (quibu')‚
1910 3236 2043 3303 145,
2068 3246 2161 3288 198.

1698 3307 1831 3356 Nam
1861 3304 2100 3358 schliesst
2130 3305 2240 3356 sich
2272 3320 2340 3356 an
2363 3304 2456 3356 das
2479 3303 2695 3355 vorher·

1630 3372 1889 3439 gehende:
1938 3388 2093 3440 saepe
2128 3374 2279 3424 etiam
2311 3388 2490 3425 aereus
2522 3372 2695 3423 facete

1628 3442 1965 3507 interponitur
1986 3455 2072 3494 an.

1694 3524 1896 3560 aenem.⁸
1939 3508 2079 3559 Lael.
2116 3507 2185 3560 26
2204 3548 2219 3572 ,
2254 3509 2306 3560 99
2353 3507 2485 3568 Quid
2519 3515 2694 3558 autem

1628 3578 1829 3644 turpius
1853 3591 2007 3642 quam
2030 3577 2208 3629 illudi?
2230 3575 2379 3636 Quod
2400 3585 2455 3626 ut
2471 3591 2537 3625 ne
2555 3575 2696 3625 aeci-

1629 3645 1717 3696 dat
1753 3655 1806 3695 ut
1836 3646 1889 3695 in
1911 3644 2146 3711 Epiclero
2194 3641 2267 3710 (s.
2302 3644 2411 3695 ind.
2438 3639 2692 3708 Caecil.)¹.·

1628 3713 1794 3764 Hodie
1815 3728 1896 3763 me
1918 3721 2038 3764 ante
2061 3727 2238 3764 omnes
2257 3712 2480 3762 comicos
2505 3710 2695 3762 stultos

1628 3796 1781 3832 senes
1805 3781 2038 3831 Versaris
2071 3787 2225 3843 atque
2260 3779 2553 3830 emunxeris
2576 3778 2693 3828 lau·

1627 3848 1843 3900 tissime.
1889 3849 2027 3899 Haec
2060 3849 2197 3898 enim
2232 3849 2385 3899 etiam
2418 3847 2472 3896 in
2503 3845 2694 3897 fabulis

1628 3916 1928 3967 stultissima
1952 3928 2174 3980 persona
2198 3924 2276 3966 est
2298 3915 2694 3980 &providorum

1629 3991 1683 4034 et
1704 3986 2024 4035 credulorum
2044 4000 2234 4036 senum.

1694 4057 1896 4111 tactum,
1913 4053 2145 4118 geprellt.
2171 4052 2338 4111 Plaut.
2349 4049 2500 4115 Epid.
2515 4048 2626 4113 V2,
2638 4055 2692 4097 40

1627 4119 1740 4169 istis
1764 4120 1894 4170 adeo
1918 4121 2140 4186 tetetigi
2163 4120 2366 4183 triginta
2390 4117 2560 4167 minis.

1692 4188 1906 4251 triainta
1927 4188 2095 4247 minis,
2141 4187 2251 4237 also
2286 4199 2374 4235 um
2400 4186 2483 4233 ein
2505 4182 2689 4233 halbes

1622 4253 1819 4307 Talent.
1852 4255 1944 4306 Die
1965 4253 2180 4307 attische
2198 4254 2335 4306 Mine
2358 4250 2569 4303 enthielt
2589 4248 2692 4302 100
