2930 4693
866 196 964 259 DE
993 195 1348 260 ORATORE
1377 197 1430 259 11
1470 196 1574 260 23.
1601 202 1842 257 95-97.

2344 203 2467 265 129

238 388 387 432 nere
415 370 647 431 versati.
705 368 969 440 Quorum
1001 367 1282 449 quamdiu
1310 369 1528 430 mansit
1554 368 1821 440 imitatio,
1855 368 2078 431 tamdiu
2105 387 2293 449 genus
2319 354 2478 432 illucr'

239 454 479 517 dicendi
518 453 893 534 studiumque
919 454 1091 525 vixit;
1132 461 1520 536 posteaquam
1565 454 1868 515 exstinctis
1908 454 2001 515 his
2031 456 2223 516 omnis
2258 474 2464 517 eorum
2496 472 2565 524 95

238 541 528 603 memoria
570 541 790 604 sensim
834 538 1147 601 obscurata
1188 546 1278 601 est
1319 546 1379 599 et
1418 540 1682 609 evanuit,
1733 538 1845 600 alia
1891 538 2179 619 quaedam
2230 539 2466 601 dicendi

239 625 510 687 molliora
545 642 615 685 ac
643 624 985 686 remissiora
1016 642 1237 703 genera
1266 625 1597 702 viguerunt.
1656 623 1800 685 Inde
1829 624 2256 695 Demochares,
2287 643 2464 704 quem

239 712 408 773 aiunt
445 711 670 771 sororis
709 708 895 771 filium
935 709 1117 770 fuisse
1147 707 1562 779 Demostheni;
1606 716 1733 769 tum
1760 707 2085 770 Phalereus
2122 708 2225 770 ille
2253 709 2463 770 Deme-

237 798 416 865 trius,
461 796 726 856 omnium
770 795 1021 856 istorum
1065 811 1197 855 mea
1239 794 1534 855 sententia
1574 792 1957 874 politissimus
1998 793 2213 875 aliique
2258 811 2465 855 eorum

239 879 461 941 similes
491 881 859 941 exstiterunt.
922 879 1084 951 Quae
1125 879 1176 939 si
1215 877 1481 940 volemus
1522 896 1709 958 usque
1751 878 1826 939 ad
1855 879 1971 940 hoc
1999 885 2232 959 tempus
2260 897 2463 958 perse-

238 966 370 1044 qui,
415 963 853 1043 intellegemuS‚
897 972 965 1025 ut
990 962 1167 1024 hodie
1197 961 1668 1025 Alabandensem
1696 961 1863 1025 illum
1892 962 2219 1026 Meneclem
2250 971 2311 1024 et
2339 965 2466 1024 eius

236 1050 487 1111 fratrem
518 1047 873 1125 Hieroclem,
906 1067 1054 1128 quos
1084 1065 1195 1127 ego
1224 1046 1446 1118 audivi,
1479 1054 1603 1108 tota
1631 1049 1896 1110 imitetur
1923 1049 2075 1120 Asia,
2113 1050 2199 1110 sic
2226 1067 2465 1128 semper

236 1134 421 1195 fuisse
450 1133 734 1213 aliquem,
769 1135 937 1194 cuius
965 1150 1030 1194 se
1058 1130 1281 1192 similes
1308 1131 1579 1212 plerique
1610 1150 1738 1194 esse
1769 1132 2001 1194 vellent.

407 1219 573 1280 Hanc
612 1220 793 1297 igitur
823 1217 1268 1278 similitudinem
1309 1220 1409 1297 qui
1450 1218 1778 1278 imitatione
1819 1217 2062 1298 adsequi
2104 1217 2302 1298 volet,‘
2328 1237 2462 1279 cum
2494 1231 2564 1284 96

239 1302 758 1366 exercitationibus
800 1302 1027 1363 crebris
1070 1309 1245 1382 atque
1281 1304 1513 1380 maguis
1543 1307 1667 1363 tum
1697 1302 2010 1364 scribendo
2042 1305 2297 1365 maxime
2326 1322 2463 1383 per-

238 1395 536 1468 sequatur.
598 1387 766 1460 Quod
810 1389 861 1448 si
899 1388 998 1449 hic
1028 1394 1231 1448 noster
1262 1385 1556 1466 Sulpicius
1587 1386 1835 1457 faceret,
1878 1387 2064 1449 multo
2107 1390 2236 1450 eius
2275 1390 2463 1449 oratio

238 1481 397 1535 esset
434 1474 726 1553 pressior;
768 1473 831 1534 in
859 1490 975 1553 qua
1004 1490 1164 1533 nuuc
1205 1471 1505 1532 interdum
1521 1520 1537 1542 ,
1580 1478 1646 1533 ut
1684 1473 1746 1532 in
1785 1472 1988 1533 herbis
2027 1474 2235 1534 rustici
2273 1471 2467 1534 solent

238 1559 439 1619 dicere
475 1560 540 1619 in
569 1576 798 1619 summa
826 1556 1128 1628 ubertate,
1176 1558 1332 1618 inest
1360 1555 1624 1617 luxuries
1652 1556 1973 1637 quaedam,
2017 1576 2168 1637 quae
2198 1557 2330 1618 stilo
2362 1557 2464 1623 de-

236 1643 533 1723 pascenda
563 1650 670 1704 est.

403 1727 513 1788 Hic
544 1725 939 1797 SULPICIUs,
970 1727 1065 1788 Me
1101 1725 1372 1807 quidem,
1403 1726 1623 1805 inquit,
1656 1734 1820 1788 recte
1850 1745 2076 1798 moueS,
2107 1726 2284 1807 idque
2316 1728 2463 1787 mihi
2492 1740 2560 1792 97

236 1819 469 1892 gratum
500 1819 617 1883 est;
649 1813 754 1873 sed
784 1830 860 1873 ue
890 1819 950 1872 te
980 1812 1237 1891 quidem,
1261 1812 1496 1881 Antoni,
1522 1812 1770 1874 multum
1797 1813 2160 1893 scriptitasse
2183 1811 2461 1873 arbitror.

405 1897 557 1959 Tum
587 1896 749 1968 ille,
797 1897 977 1969 Quasi
1005 1915 1175 1974 vero,
1205 1896 1427 1975 iuquit,
1470 1913 1591 1957 non
1622 1916 1691 1959 ea
1720 1899 2082 1978 praecipiam
2112 1896 2267 1968 aliis,
2312 1915 2463 1977 quae

234 1983 386 2044 mibi
423 1983 539 2061 ipsi
579 1981 791 2044 desint.
853 1982 975 2043 Sed
1010 1988 1209 2042 tamen
1251 1998 1327 2041 ue
1379 1980 1608 2042 tabulas
1648 1983 1888 2063 quidem
1930 1983 2224 2043 conficere
2265 1983 2462 2042 existi-

232 2081 398 2137 mor;
440 2085 646 2129 verum
692 2074 752 2128 et
787 2068 852 2127 in
881 2067 997 2128 hoc
1027 2085 1100 2127 ex
1127 2085 1196 2127 re
1224 2064 1504 2127 familiari
1543 2085 1676 2129 mea
1719 2075 1779 2129 et
1815 2069 1879 2128 in
1914 2067 2019 2128 illo
2048 2085 2120 2129 ex
2162 2085 2261 2137 eo,
2305 2066 2465 2147 quod

232 2261 500 2320 corruptus
523 2268 689 2318 usque
713 2253 780 2303 ad
798 2252 932 2302 hauc
947 2260 1165 2303 aetatem
1184 2266 1296 2303 ora·

232 2328 404 2375 torum
436 2321 560 2386 fuit,
603 2326 658 2374 in
681 2338 782 2389 qua
813 2322 1068 2373 naturalis
1089 2323 1295 2382 inesset,

234 2409 337 2443 non
377 2392 587 2454 fucatus
629 2393 784 2442 nitor.
854 2390 1000 2441 Danu
1044 2389 1208 2441 heisst
1242 2405 1296 2439 es

234 2461 438 2510 weiter:

303 2536 373 2580 95.
420 2526 703 2577 Phalereus
749 2526 883 2575 enim
926 2525 1177 2575 suecessit
1223 2526 1298 2575 eis

231 2596 445 2647 senibus
469 2595 788 2657 adulescens,
816 2593 1189 2643 eruditissimus
1214 2592 1300 2642 ille

234 2664 443 2729 quidem
465 2663 647 2713 borum
671 2663 923 2724 omnium,
949 2661 1043 2711 sed
1066 2675 1167 2711 nou
1192 2668 1295 2710 tam

230 2732 387 2783 armis
412 2731 672 2781 institutus
698 2745 848 2792 quam
884 2729 1164 2795 palaestra;
1203 2729 1295 2778 ita-

233 2815 334 2864 que
382 2798 668 2848 delectabat
724 2798 887 2862 magis
933 2795 1295 2858 AthenienseS‚

233 2881 387 2931 quam
409 2866 773 2916 inflammabat.
814 2866 1140 2915 Processerat
1164 2864 1294 2914 enim

237 2935 291 2985 in
316 2934 477 2984 solem
501 2941 553 2983 et
573 2933 865 2999 pulverem,
899 2947 1002 2983 nou
1026 2939 1083 2982 ut
1107 2948 1136 2981 e
1158 2933 1295 2982 mili-

232 3004 330 3053 tari
347 3001 687 3061 tabernaculo,
707 3002 802 3052 sed
822 3008 878 3051 ut
901 3000 1292 3067 eTheophrasti‚

231 3070 514 3121 doctissimi
559 3068 804 3131 hominis,
852 3070 1182 3122 umbraculis.
1231 3096 1294 3105 —

233 3140 404 3199 hodie,
429 3137 797 3202 gegenwfirtig.

300 3215 369 3257 96.
403 3205 691 3263 scribendo.
718 3206 741 3254 Ι
765 3202 850 3269 33,
876 3214 977 3263 15ος
1003 3203 1090 3267 60,
1114 3213 1208 3254 257.
1230 3231 1295 3241 -

227 3275 469 3340 pressior
481 3312 495 3336 ,
521 3271 842 3335 kernhafter,
868 3273 1196 3339 gediegener.

298 3345 354 3393 in
375 3357 563 3393 summa
583 3340 820 3393 ubertate
861 3341 1042 3408 gehort
1077 3355 1141 3390 zu
1176 3340 1294 3390 dem

233 3409 608 3461 Zwischensatz
642 3416 701 3460 ut
735 3411 788 3459 in
811 3409 984 3458 herbis
1007 3408 1183 3458 rustici
1207 3421 1295 3457 so-

230 3478 338 3529 lent
361 3478 530 3528 dicere
553 3491 627 3527 se.
661 3478 833 3528 inesse
867 3477 1137 3527 luxuriem.
1184 3475 1295 3525 Den

230 3545 530 3612 figiirlicheu
540 3546 814 3596 Ausdruck
835 3544 1065 3594 luxuries
1082 3542 1298 3594 braucht

233 3615 325 3664 der
346 3613 648 3663 Landmanu
685 3611 904 3678 (11138,
940 3611 1037 3674 155)
1074 3625 1174 3661 von
1207 3611 1297 3661 der

225 3681 421 3746 jungen
456 3683 650 3746 guinen
678 3680 824 3743 Saat,
859 3694 937 3730 wo
975 3680 1053 3729 sie
1090 3694 1155 3728 zu
1186 3688 1295 3743 gut,

234 3765 299 3799 zu
321 3749 484 3815 iippig
507 3748 660 3799 steht.
697 3748 790 3799 Die
814 3748 1041 3799 luxuries
1067 3746 1156 3796 der
1180 3746 1297 3797 Sul·

228 3816 491 3883 picischeu
515 3817 660 3866 Rede
683 3817 809 3866 wird
831 3817 924 3866 mit
949 3816 1041 3866 der
1064 3815 1294 3865 luxuries

231 3892 462 3950 segetum
487 3883 806 3948 verglichen.
841 3883 996 3933 Beide
1010 3883 1168 3932 Arten
1192 3897 1295 3934 von

229 3952 432 4003 luxuria
455 3952 574 4002 siud
584 3950 767 4003 Fehler
790 3952 947 4015 (Plin.
973 3950 1025 4002 h.
1053 3965 1106 4002 u.
1123 3950 1296 4002 XVIII

228 4021 316 4083 44,
335 4029 363 4070 2
383 4021 514 4070 iuter
533 4020 658 4070 vitia
676 4027 910 4085 segetum
922 4020 1073 4069 etiam
1092 4019 1298 4069 luxuria

229 4095 326 4138 est.
373 4086 458 4139 Or.
499 4088 589 4152 15,
623 4096 677 4137 48
722 4094 927 4152 segetes
964 4087 1212 4138 fecundae
1245 4095 1297 4137 et

228 4157 412 4207 uberes
438 4170 541 4205 non
564 4156 733 4207 solum
755 4155 952 4235 fruges,
977 4170 1152 4206 verum
1176 4155 1295 4204 her-

225 4225 321 4275 bas
334 4223 485 4274 etiam
504 4224 772 4275 effundunt
795 4223 1172 4274 inimicissimas
1194 4223 1300 4273 fru-

1397 2253 1576 2320 gibus)
1611 2270 1661 2305 u.
1694 2254 1793 2305 wie
1826 2254 1917 2304 der
1947 2253 2273 2319 verstfindige
2296 2253 2460 2304 Oeko-

1400 2337 1520 2373 nom
1540 2323 1624 2374 die
1642 2322 1778 2374 allzu
1789 2322 1890 2373 voll
1903 2338 1956 2374 ιι.
1967 2321 2205 2373 reichlich
2216 2321 2464 2374 stehende

1401 2390 1541 2455 Saat,
1567 2391 1817 2441 natiirlich
1839 2391 1888 2440 lo
1913 2391 2064 2457 lange
2088 2391 2164 2441 sie
2182 2389 2314 2441 noch
2332 2394 2463 2457 griiu

1400 2461 1493 2522 ist,
1541 2460 1802 2510 abweiden
1838 2458 1968 2510 lasst
2012 2457 2171 2524 (Pliu.
2195 2458 2246 2508 h.
2276 2474 2328 2507 u.
2365 2459 2400 2511 l.
2425 2459 2460 2509 l.

1399 2526 1601 2577 luxuria
1624 2534 1860 2592 segetum
1887 2528 2161 2592 castigatur
2193 2526 2345 2575 dente
2368 2542 2463 2591 pe-

1400 2596 1533 2645 coris
1557 2595 1609 2644 in
1634 2595 1791 2645 herba
1815 2592 2122 2656 dumtaxat),
2149 2594 2309 2643 damit
2325 2593 2464 2643 nicht

1398 2662 1539 2712 Alles
1557 2670 1705 2712 unter
1729 2663 1819 2712 der
1831 2661 2117 2714 Ueberflille
2142 2661 2376 2724 ersticke,
2401 2677 2459 2712 so

1397 2745 1540 2779 muss
1576 2730 1666 2780 der
1684 2730 1912 2793 Redner‚
1948 2730 2132 2780 dessen
2158 2728 2359 2779 Diction
2393 2744 2460 2782 an

1401 2799 1539 2847 einer
1560 2797 1789 2848 luxuries
1803 2799 1893 2847 der
1906 2798 2081 2847 Worte
2101 2797 2254 2847 leidet
2266 2794 2462 2862 (Einl.1

1398 2862 1430 2931 S
1457 2865 1538 2923 12,
1566 2864 1680 2930 138),
1706 2866 1787 2916 bei
1813 2866 1985 2916 Zeiteu
2008 2866 2102 2915 mit
2125 2866 2241 2915 dem
2267 2864 2459 2927 Griffel,

1399 2934 1490 2983 der
1507 2931 1638 2998 (wie
1656 2934 1747 2983 der
1763 2934 1889 2984 dens
1908 2933 2133 2998 pecoris)
2153 2933 2289 2984 ohue
2300 2933 2458 2984 Scha-

1398 3002 1499 3051 den
1525 3002 1624 3052 den
1643 3000 2303 3067 fibertliissigeuGedanken
2328 3002 2460 3066 tilgt‚

1399 3070 1497 3119 deu
1545 3070 1757 3134 iibrigeu
1800 3070 2067 3134 gesunden
2099 3070 2308 3120 Keimen
2341 3070 2463 3120 Luft
2568 3110 2576 3117 .

1398 3139 1507 3188 und
1529 3136 1679 3187 Licht
1704 3153 1767 3187 zu
1791 3137 2004 3187 macheu
2028 3136 2245 3188 sueheu.

1467 3222 1811 3287 depascenda.
1859 3221 2046 3284 virgil.
2081 3221 2265 3285 Georg.
2303 3222 2323 3269 I
2363 3220 2462 3270 112

1395 3290 1650 3340 luxuriem
1675 3295 1904 3352 segetum
1931 3297 2104 3337 tenera
2140 3287 2374 3354 depascit
2405 3290 2460 3337 in

1398 3357 1577 3407 herba.

1363 3467 1370 3474 ν
1464 3451 1533 3493 97.
1569 3441 1914 3507 scriptitasse,
1963 3439 2056 3488 mit
2097 3437 2463 3490 schriftlichem

1397 3509 1748 3560 Aufzeichneu
1773 3508 2029 3573 abgebeu‚
2056 3504 2088 3573 S
2112 3504 2174 3565 8;
2199 3509 2221 3557 I
2246 3505 2338 3570 33,
2368 3517 2459 3558 152.

1398 3593 1450 3644 p.
1465 3577 1664 3628 Glueut.
1677 3576 1760 3637 50,
1775 3576 2119 3626 140bominem
2135 3576 2461 3641 ingeniosum

1398 3646 1468 3695 M.
1496 3644 1774 3695 Antonium
1808 3644 1953 3694 aiunt
1984 3642 2188 3693 solitum
2228 3658 2345 3694 esse
2380 3645 2460 3693 di-

1401 3728 1534 3774 cere,
1560 3714 1746 3763 idciroo
1772 3726 1829 3762 se
1853 3710 2043 3761 nullam
2079 3726 2323 3773 umquam
2348 3726 2463 3761 ora-

1401 3783 1590 3831 tionem
1605 3780 1888 3846 scripsisse,
1905 3787 1978 3838 ut,
1991 3779 2037 3829 si
2050 3779 2172 3843 quid
2182 3779 2388 3841 aliquan
2396 3779 2459 3828 do

1395 3864 1498 3899 uon
1519 3864 1649 3915 opus
1670 3857 1806 3898 esset
1825 3849 1888 3896 ab
1902 3862 1958 3897 se
1971 3862 2085 3896 esse
2108 3847 2312 3904 dietum,
2335 3861 2458 3911 pos-

1396 3926 1477 3968 set
1501 3932 1690 3983 negare
1714 3915 1928 3966 dixisse.
1968 3915 2186 3977 tabulae,
2212 3929 2256 3965 s.
2285 3914 2390 3964 iud.

1467 4020 1752 4069 exi-stirnor.
1789 4015 1934 4066 Verr.
1959 4017 1982 4065 I
2006 4014 2093 4078 23,
2120 4024 2172 4065 60
2205 4014 2459 4065 Audimus

1398 4087 1618 4150 aliquem
1635 4084 1838 4133 tabulas
1858 4097 2134 4147 numquam
2156 4082 2457 4142 confecisse,

1399 4168 1530 4217 quae
1565 4160 1641 4202 est
1675 4151 1846 4217 opinio
1876 4150 2143 4201 hominum
2178 4151 2241 4201 de
2263 4151 2328 4201 M.
2355 4152 2460 4201 An-

1395 4222 1539 4273 tonio
1564 4219 1718 4272 falsa:
1763 4234 1880 4271 nam
1902 4219 2027 4271 feeit
2050 4218 2459 4285 diligentissime.
