2930 4693
494 220 618 283 102
1182 213 1281 277 DE
1310 210 1672 278 ORATORE
1700 212 1753 275 11
1781 212 1840 276 3.
1871 218 2082 275 8—10.

442 382 451 393 “
494 381 841 447 mehercule
862 383 1041 446 etiam
1063 389 1132 445 ut
1148 380 1385 446 laudem
1408 401 1616 451 eorum
1637 384 1758 445 iam
1777 399 1968 464 prope
1988 389 2420 456 senescentem,
2444 391 2744 466 quantum

498 487 609 549 ego
649 487 884 550 possem
900 517 917 540 ,
975 468 1050 530 ab
1092 467 1389 532 oblivione
1428 468 1740 531 hominum
1777 476 1955 549 atque
1996 487 2031 530 a
2071 467 2307 531 silentio
2346 470 2740 532 vindicarem.

431 560 466 612 8
496 555 644 617 Nam
674 557 726 616 si
754 574 829 617 ex
852 555 1090 634 scriptis
1119 555 1397 633 cognosci
1424 554 1542 634 ipsi
1570 555 1691 615 suis
1718 555 2076 634 potuissent,
2109 556 2309 616 minus
2337 554 2453 616 hoc
2482 554 2743 617 fortasse

495 639 646 703 mibi
673 658 804 703 esse
831 647 1131 721 putassem
1160 637 1586 709 laborandum;
1629 637 1735 699 sed
1765 656 1902 699 cum
1931 637 2084 701 alter
2113 657 2237 700 non
2263 638 2536 712 multum,
2570 640 2737 721 quod

494 725 733 805 quidem
758 731 1033 795 exstaret,
1066 729 1125 784 et
1141 723 1204 784 id
1223 724 1419 804 ipsum
1440 722 1806 795 adulescens,
1838 722 1989 796 alter
2010 723 2157 785 nibil
2182 723 2502 787 admodum
2525 726 2740 805 scripti

493 810 847 891 reliquisset,
879 809 1085 870 deberi
1108 809 1223 870 hoc
1244 826 1278 869 a
1299 827 1399 871 me
1419 810 1599 871 tantis
1618 809 1926 871 hominum
1948 810 2205 889 ingeniis
2232 812 2449 889 putavi,
2479 818 2563 881 ut,
2597 829 2737 871 cum

496 897 673 958 etiam
702 913 863 957 nunc
890 895 1080 955 vivam
1107 891 1347 956 illorum
1376 895 1727 957 memoriam
1760 901 2116 966 teneremuS,
2147 894 2305 956 hanc
2331 894 2739 957 immortalem

432 987 467 1040 9
496 980 844 1051 redderem,
897 980 950 1042 si
987 996 1245 1059 possem.
1334 979 1506 1052 Quod
1543 979 1660 1041 hoc
1700 981 1878 1042 etiam
1919 998 2026 1059 spe
2055 979 2374 1058 aggredior
2401 981 2629 1042 maiore
2659 980 2736 1041 ad

493 1065 896 1146 probandum,
950 1065 1089 1144 quia
1129 1081 1251 1125 non
1293 1063 1368 1126 de
1398 1065 1529 1127 Ser.
1562 1063 1783 1126 Galbae
1823 1071 1927 1125 aut
1967 1063 2030 1126 C.
2063 1063 2352 1127 Carbonis
2394 1063 2738 1146 eloquentia

494 1150 692 1212 scribo
722 1148 975 1230 aliquid,
1029 1150 1094 1210 in
1132 1168 1250 1231 quo
1280 1149 1457 1212 liceat
1483 1149 1631 1212 mihi
1672 1149 1952 1229 fingere,
1981 1151 2034 1211 si
2073 1150 2216 1231 quid
2257 1148 2461 1221 velim,
2513 1149 2737 1213 nullius

496 1236 784 1297 memoria
826 1235 947 1297 iam
988 1253 1087 1299 me
1129 1232 1468 1308 refellente,
1521 1235 1627 1297 sed
1670 1234 1783 1296 edo
1820 1235 1971 1297 haec
2013 1236 2100 1296 eis
2130 1234 2576 1314 cognoscenda,
2630 1236 2734 1315 qui

495 1337 599 1382 cos
635 1320 826 1401 ipsos,
879 1319 955 1380 de
994 1319 1209 1400 quibus
1249 1319 1462 1401 loquor
1478 1367 1494 1390 ,
1547 1338 1726 1400 saepe
1766 1319 2111 1391 audierunt:
2162 1326 2230 1382 ut
2274 1319 2424 1382 duos
2463 1339 2735 1384 summos

494 1407 652 1468 viros
681 1407 792 1477 eis,
846 1406 948 1485 qui
991 1412 1272 1467 neutrum
1300 1404 1541 1468 illorum
1568 1405 1853 1477 viderint,
1897 1423 2136 1477 eorum,
2191 1404 2408 1486 quibus
2436 1405 2615 1467 ambo
2643 1405 2734 1466 illi

494 1498 764 1554 oratores
803 1491 1027 1570 cogniti
1065 1492 1211 1563 sint,
1258 1493 1524 1555 vivorum
1550 1497 1610 1552 et
1636 1492 2041 1572 praesentium
2069 1491 2360 1553 memoria
2385 1496 2540 1552 teste
2568 1508 2732 1552 com-

491 1576 858 1642 mendemus.

663 1664 789 1726 Nec
816 1679 960 1723 vero
1002 1668 1061 1724 te
1076 1710 1092 1735 ,
1138 1664 1443 1725 carissime
1486 1661 1672 1723 frater
1716 1668 1894 1742 atque
1923 1662 2176 1741 optime,
2219 1661 2537 1724 rhetoricis
2568 1679 2732 1723 nunc

496 1747 850 1830 quibusdam
891 1746 1062 1809 libris
1076 1795 1093 1818 ,
1148 1765 1295 1827 quos
1338 1753 1403 1808 tu
1447 1753 1713 1825 agrestes
1753 1753 1954 1827 putas,
2007 1747 2291 1827 insequor
2341 1753 2408 1808 ιιι
2461 1746 2733 1808 erudiam

496 1832 660 1913 (quid
706 1834 867 1894 enim
916 1839 1018 1893 tua
1055 1838 1253 1911 potest
1295 1833 1565 1893 oratione
1615 1838 1718 1893 aut
1755 1830 2028 1893 subtilius
2066 1839 2175 1892 aut
2223 1832 2489 1894 ornatius
2542 1850 2674 1894 esse
2686 1831 2730 1913 2)

495 1916 602 1977 sed
628 1918 752 1978 sive
778 1916 1027 1989 iudicio,
1072 1922 1138 1977 ut
1166 1916 1323 1979 soles
1364 1917 1593 1988 dicere,
1635 1918 1756 1978 sive
1770 1964 1787 1987 ,
1829 1923 1896 1978 ιιι
1921 1914 2024 1977 ille
2053 1923 2225 1996 pater
2254 1914 2626 1997 eloquentiae
2656 1916 2732 1979 de

495 2019 560 2062 se
592 2000 886 2063 Isocrates
914 2002 1152 2081 scripsit
1177 2004 1306 2082 ipse
1319 2050 1336 2073 ,
1378 2001 1611 2083 pudore
1651 2020 1685 2063 a
1729 2001 1983 2063 dicendo
2024 2009 2086 2063 et
2124 2001 2441 2064 timiditate
2468 2004 2732 2082 ingenua

324 1655 465 1726 310

1665 2206 1798 2256 Wen
1805 2207 1947 2271 dung
1969 2207 2043 2256 ad
2054 2205 2388 2271 probandum,
2412 2219 2491 2257 wo
2509 2219 2629 2256 man
2647 2221 2731 2256 me

495 2205 648 2255 letzte
671 2204 997 2271 Darstellung
1014 2205 1174 2256 bleiht
1197 2206 1376 2255 immer
1396 2205 1564 2255 hinter

1664 2275 1996 2340 probaturum
2021 2288 2137 2325 esse
2172 2282 2429 2335 erwartet,
2464 2275 2533 2324 ist
2566 2274 2730 2325 durch

497 2273 614 2325 dem
638 2273 779 2326 Ideal
803 2275 1012 2324 zuriick.
1047 2274 1164 2340 Vgl.
1192 2275 1264 2324 111
1285 2275 1337 2337 4,
1366 2283 1414 2324 14
1439 2274 1493 2324 ff.

563 2350 605 2393 8.
641 2344 777 2394 alter
810 2357 884 2393 sc.
925 2342 1160 2395 Crassus.
1219 2341 1304 2396 Or.
1341 2340 1438 2405 38,
1488 2351 1565 2393 132

498 2408 603 2461 Sed
625 2409 800 2462 Crassi
821 2426 1078 2477 perpauca
1102 2418 1246 2470 sunt,
1282 2426 1378 2461 nec
1402 2427 1463 2461 ea
1487 2411 1565 2461 iu-

498 2478 769 2544 diciorum,
793 2479 1018 2530 sondern
1042 2494 1135 2530 aus
1155 2479 1272 2531 dem
1288 2494 1455 2545 genus
1475 2479 1562 2529 de-

497 2547 815 2603 liberativum
828 2584 844 2610 ‚
870 2546 1257 2613 hauptsiichlich
1281 2548 1366 2598 die
1389 2548 1563 2598 suasio

497 2614 626 2682 legis
650 2614 899 2667 Serviliae
922 2614 1076 2681 (Einl.
1101 2617 1124 2666 Ι
1146 2612 1179 2682 S
1206 2614 1289 2677 10,
1312 2613 1390 2677 84)
1414 2631 1470 2666 u.
1498 2615 1562 2665 de

497 2684 697 2735 colonia
718 2684 1054 2746 Narbonensi,
1080 2684 1220 2735 Brut.
1244 2682 1329 2748 43,
1356 2693 1432 2735 160
1465 2700 1560 2735 ex·

495 2758 602 2802 stat
624 2752 678 2803 in
697 2767 817 2803 eam·
832 2753 1001 2818 legem
1022 2778 1091 2788 -
1115 2753 1293 2805 oratio.
1326 2752 1443 2802 Von
1468 2767 1558 2802 an-

496 2818 622 2868 dern
633 2820 812 2870 Reden
831 2819 970 2870 hatte
986 2820 1200 2871 Crassus
1214 2836 1310 2871 nur
1329 2820 1562 2871 einzelne

498 2886 732 2936 Partieen
749 2886 1185 2954 berausgegeben,
1211 2904 1257 2939 z.
1270 2887 1333 2939 B.
1349 2902 1451 2939 von
1473 2888 1563 2938 der

497 2954 734 3020 Anklage
752 2955 843 3005 des
855 2955 1038 3019 Carbo,
1058 2955 1148 3005 der
1157 2955 1563 3022 Vertheidigung

499 3022 592 3072 des
612 3021 772 3088 Capio
797 3038 849 3073 u.
875 3023 966 3073 der
989 3024 1146 3073 oratio
1172 3025 1402 3074 censoria
1436 3038 1560 3074 con·

497 3097 577 3139 tra
601 3089 692 3141 Cn.
716 3090 1012 3149 Domitium,
1048 3089 1131 3140 die
1155 3106 1252 3141 nur
1273 3091 1351 3142 als
1375 3092 1456 3141 ein
1485 3099 1562 3141 et-

496 3171 603 3209 was
616 3157 1025 3224 vollstandigerA
1031 3159 1164 3209 briss
1172 3159 1339 3225 gelten
1353 3161 1490 3210 konn
1496 3169 1560 3210 te.

549 3226 961 3286 πίήίῑαάηιοάιωι,
975 3226 1077 3277 fast
1089 3242 1147 3278 so
1160 3228 1368 3293 gut,wie
1378 3227 1561 3291 nichts,

499 3296 637 3346 deun
672 3295 765 3346 das
808 3294 1209 3346 mehrerwdhnte
1244 3295 1562 3347 Schriftchen

498 3364 563 3414 de
586 3364 781 3415 ratione
805 3364 1009 3415 dicendi
1040 3361 1091 3431 (Ι
1115 3363 1179 3413 21
1195 3401 1210 3428 ,
1234 3371 1310 3427 94;
1344 3364 1430 3428 47,
1453 3374 1561 3423 2063

496 3430 584 3495 48,
615 3431 718 3497 2⁰8)
762 3433 900 3483 kann
932 3431 1045 3483 hier
1069 3433 1196 3483 eben
1222 3430 1364 3482 nicht
1388 3433 1441 3482 in
1465 3432 1563 3482 Be-

496 3500 659 3552 tracht
682 3503 941 3552 hommen.
990 3500 1131 3551 Brut.
1157 3498 1239 3560 41,
1268 3508 1342 3551 163
1374 3500 1561 3551 vellem

496 3568 690 3631 aliquid
717 3570 936 3620 Antonio
969 3576 1171 3633 praeter
1208 3569 1347 3618 illum
1385 3570 1448 3619 de
1480 3584 1561 3619 ra-

497 3637 636 3686 tione
679 3636 878 3687 dicendi
916 3652 1041 3687 sane
1083 3637 1269 3688 exilem
1310 3636 1558 3703 libellum,

495 3705 643 3771 plura
654 3703 838 3756 Crasso
863 3704 1101 3755 libuisset
1124 3706 1358 3756 scrihere.
1392 3704 1561 3755 Daher

496 3772 579 3824 Or.
606 3770 693 3838 38,
721 3781 797 3824 132
819 3771 946 3822 nihil
971 3773 1199 3825 Antonii.

563 3850 604 3902 9,
641 3843 715 3892 ad
740 3841 1076 3906 probandum.
1114 3841 1226 3894 Cic.
1254 3840 1398 3906 hofft,
1435 3842 1558 3892 dass

494 3925 613 3960 man
648 3909 731 3960 die
754 3908 988 3959 Warheit
1020 3909 1187 3960 seiner
1212 3908 1558 3976 Darstellung,

492 3992 598 4028 was
625 3978 709 4029 die
731 3977 915 4028 beiden
931 3978 1136 4028 Redner
1153 3977 1341 4028 betrifft
1361 3976 1559 4043 (Ein1.1

492 4043 584 4111 38,
602 4045 699 4111 52),
723 4061 813 4097 um
831 4060 890 4096 so
903 4045 1025 4096 eher
1034 4047 1361 4097 anerkennen
1370 4043 1556 4110 werde,

491 4111 570 4162 als
595 4127 651 4161 er
673 4114 982 4179 Angesiehts
1005 4113 1140 4165 noch
1164 4113 1407 4166 lebender
1423 4115 1554 4166 Zeu·

492 4192 592 4241 gen
618 4179 786 4240 redet,
829 4180 914 4230 die
944 4180 1031 4231 die
1052 4181 1365 4247 Richtigkeit
1388 4183 1558 4233 seiner

495 4242 834 4311 Schnderung
850 4248 1187 4298 controlieren
1211 4249 1434 4300 konnen.
1460 4250 1556 4300 Die

1667 2343 1760 2394 das
1785 2340 2216 2394 nachststehende
2248 2342 2520 2409 aggredior
2547 2358 2732 2394 veran-

1664 2411 1819 2461 lasst=
1855 2426 1912 2462 es
1934 2411 2002 2461 ist
2026 2409 2131 2461 Cic.
2157 2410 2396 2470 Absicht,
2423 2411 2568 2462 seine
2591 2411 2732 2461 Zeit-

1664 2492 1922 2545 genossen
1954 2492 2055 2529 von
2089 2479 2207 2529 dem
2242 2478 2537 2541 wirklichen
2566 2478 2728 2529 Sach-

1664 2545 1862 2597 verhalt
1894 2562 1959 2597 zu
1983 2548 2304 2613 fiberzeugen
2319 2583 2334 2607 ,
2369 2548 2479 2598 und
2512 2563 2568 2598 er
2598 2546 2730 2597 hefft

1665 2614 1793 2665 auch
1807 2653 1822 2677 ‚
1849 2616 1971 2666 dass
1997 2629 2052 2664 es
2076 2614 2183 2664 ihm
2206 2615 2428 2682 gelinge.

1730 2681 1781 2743 3,
1820 2691 1870 2734 1ο
1890 2684 2188 2744 rhetoricis,
2213 2684 2309 2734 wie
2332 2685 2476 2735 seine
2498 2684 2728 2749 Jugend-

1665 2750 1844 2801 schrift
1867 2751 1931 2801 de
1952 2751 2264 2804 inventione.
2304 2754 2326 2801 1
2350 2753 2402 2814 2,
2427 2762 2469 2805 5.
2649 2758 2658 2765 “

1730 2826 1976 2884 ayn-estes,
1998 2820 2218 2884 gemein‚
2233 2820 2452 2874 ordinar.
2468 2822 2541 2871 111
2563 2818 2644 2884 11,
2656 2829 2725 2881 42,

1663 2886 1793 2937 Plat.
1818 2886 2034 2938 Phaedr.
2056 2903 2113 2955 p.
2138 2886 2240 2942 229
2264 2889 2307 2939 Ε
2334 2879 2587 2955 ἀγροίκῳ
2610 2885 2726 2940 τινὶ

1664 2953 1844 3022 σοφίᾳ
1867 2948 2168 3022 χρώμενος.
2196 2956 2260 3006 de
2275 2956 2411 3021 legg.
2433 2958 2455 3006 1
2481 2956 2547 3006 15
2571 2970 2600 3005 o
2618 2970 2726 3005 rem

1666 3023 1899 3088 dignam,
1943 3024 1996 3074 in
2031 3040 2132 3088 qua
2166 3039 2267 3075 non
2292 3026 2444 3076 modo
2478 3024 2614 3075 docti
2639 3039 2728 3074 ve-

1664 3106 1780 3141 rum
1804 3093 1953 3141 etiam
1978 3101 2207 3158 agrestes
2233 3093 2553 3144 erubescant!

1664 3160 2207 3280 νὸῗῖιῗίοἶιίἳίἕιεξῦεἷὶἰ
2217 3159 2465 3279 ζιξὲἒιιὸἕὲ
2483 3160 2726 3293 ςιιὶιῗιῗιίξξιῐ

1663 3294 1789 3346 fehlt
1805 3296 1858 3346 in
1875 3305 2035 3361 guten
2051 3297 2140 3348 Hs.
2160 3313 2215 3347 u.
2239 3297 2377 3348 kann
2399 3296 2528 3347 auch
2546 3311 2726 3360 wegen

1665 3364 1754 3414 des
1773 3363 2048 3429 folgenden
2057 3372 2227 3416 tamen
2239 3364 2529 3430 unmoglich
2543 3363 2729 3429 ricbtig

1663 3432 1798 3482 sein:
1819 3432 2069 3483 trotzdem
2089 3434 2209 3484 dass
2222 3432 2626 3498 Beschiiftigung
2634 3433 2726 3482 mit

1663 3500 1753 3549 der
1773 3500 2180 3565 Beredsamkeit‚
2208 3515 2302 3552 aus
2325 3516 2431 3552 was
2454 3499 2537 3551 fiir
2560 3500 2725 3552 Grun-

1664 3567 1763 3617 den
1783 3583 1837 3618 es
1856 3568 2125 3620 immerhin
2142 3570 2254 3620 sein
2272 3585 2409 3635 mag,
2436 3570 2567 3620 eben
2585 3567 2728 3618 nicht

1664 3636 1813 3686 deine
1834 3637 2163 3689 Liebhaberei
2185 3638 2254 3688 ist
2288 3635 2340 3702 (1
2363 3637 2413 3700 2,
2441 3636 2519 3702 5):
2555 3637 2723 3687 diess-

1661 3704 1939 3823 malddenk’
1963 3704 2046 3756 ich
2064 3706 2211 3758 sollst
2229 3706 2298 3757 du
2317 3704 2438 3756 eher
2454 3704 2727 3770 berriedigt

1661 3788 1765 3823 wer
1802 3788 1884 3825 en.

1660 3843 1941 3959 28iudicio,
1970 3857 2064 3894 aus
2090 3841 2395 3904 Grundsatz,
2421 3843 2509 3905 111,
2537 3839 2620 3902 16,
2643 3849 2725 3900 ως

1733 3946 1748 3970 ,
1773 3919 1869 3960 110.

1658 3977 2724 4124 .-0{miz1:2¹:33210233‘s2hfflp13321

1657 4113 1926 4183 thenaikos
1958 4112 1991 4182 S
2018 4114 2083 4165 10
2105 4130 2158 4181 p.
2182 4113 2280 4166 261
2318 4130 2466 4167 ουτω
2490 4106 2601 4180 γὰρ
2630 4107 2724 4166 ἐν·

1659 4172 1801 4245 δεὴς
1837 4175 2180 4264 ἀμφοτέρων
2204 4175 2487 4266 ἔγεὲνόμῃν
2523 4180 2723 4262 φωρῆς

1659 4242 1867 4316 ἱκανῆς
1899 4248 2001 4304 καὶ
2026 4252 2234 4318 τολμης
2269 4268 2345 4312 ως
2369 4266 2474 4305 ουκ
2500 4246 2600 4304 οἶδ
2648 4268 2726 4303 αν
