2930 4693
686 239 695 249 -
785 212 883 275 DE
926 211 1283 273 ORATORE
1323 212 1377 273 11
1423 212 1526 275 75.
1566 219 1877 274 301—305.
2031 240 2032 247 ¹
2314 221 2446 299 203

207 381 468 447 audisset
489 380 796 442 vidissetve
826 380 1184 442 meminisse.
1267 379 1386 442 Sed
1415 397 1611 460 neque
1636 391 1885 462 propter
1914 381 2029 444 hoc
2059 383 2444 449 Themistocli

204 484 560 546 responsum
589 465 915 526 memoriae
945 463 1118 524 nobis
1146 481 1328 544 opera
1368 464 1562 526 danda
1604 483 1726 526 non
1770 475 1888 536 est,
1931 485 2127 547 neque
2166 466 2267 530 illa
2307 489 2441 535 mea

205 553 401 613 cautio
431 559 491 611 et
515 549 794 611 timiditas
821 549 885 608 in
915 549 1107 609 causis
1132 556 1383 628 propter
1408 557 1814 628 praestantem
1843 550 2221 630 prudentiam
2244 553 2442 615 Crassi

204 634 574 713 neglegenda
616 643 725 694 est.
812 633 1074 713 Uterque
1115 634 1274 692 enim
1313 634 1567 694 istorum
1609 651 1730 694 non
1757 635 1910 694 mihi
1936 634 2133 696 attulit
2160 635 2437 716 aliquam,
2502 698 2520 718 ‚

204 719 311 783 sed
340 737 508 780 suam
536 718 883 795 significavit
909 715 1270 778 facultatem.
1358 716 1594 779 Etenim
1621 717 1921 797 permulta
1962 727 2101 780 sunt
2138 721 2201 780 in
2246 723 2439 785 causis
2466 731 2570 786 301

202 805 268 865 in
297 804 463 864 omni
489 810 660 881 parte
689 802 975 862 orationis
1003 800 1554 881 circumspicienda,
1597 820 1676 862 ne
1705 801 1848 883 quid
1877 803 2158 874 offendas,
2201 822 2280 865 ne
2320 825 2439 886 quo

201 889 415 951 irruas.
506 887 695 965 Saepe
725 883 936 965 aliquis
975 886 1145 944 testis
1185 895 1285 947 aut
1323 903 1446 947 non
1489 884 1670 947 laedit
1708 894 1809 949 aut
1849 889 2046 949 minus
2083 887 2281 959 laedit,
2325 892 2441 951 nisi

202 971 543 1035 lacessatur.
634 969 780 1031 Orat
805 987 962 1039 reuS,
995 978 1211 1047 urgent
1238 968 1524 1041 advocati,
1566 978 1632 1030 ut
1658 970 2024 1043 invehamur,
2069 980 2135 1032 ut
2163 972 2319 1034 male
2349 974 2439 1036 di-

203 1074 436 1125 camus,
484 1054 740 1134 denique
786 1060 854 1115 ut
895 1055 1363 1131 interrogemus3
1416 1072 1539 1115 non
1582 1073 1853 1126 moveor,
1900 1073 2023 1116 non
2064 1056 2437 1137 obtempero,

202 1158 325 1201 non
355 1140 666 1208 satisfacio,
700 1156 892 1218 neque
919 1145 1117 1198 tamen
1152 1137 1328 1198 ullam
1360 1137 1655 1219 adsequor
1675 1138 1944 1209 laudem3
1975 1140 2247 1203 homines
2279 1145 2438 1204 enim

204 1225 468 1302 imperiti
505 1222 736 1283 facilius
764 1221 921 1301 quod
952 1221 1129 1283 stulte
1159 1221 1380 1284 dixeris
1419 1222 1883 1302 reprehendere,
1926 1242 2104 1304 quam
2145 1225 2305 1305 quod
2344 1245 2438 1288 sa-

199 1309 437 1387 pienter
463 1307 721 1368 tacueris
748 1305 990 1368 laudare
1019 1313 1285 1386 possunt.
1370 1306 1481 1367 Hic
1510 1317 1794 1387 quantum
1823 1308 1890 1367 fit
1917 1307 2074 1378 mali,
2116 1310 2169 1370 si
2199 1311 2435 1381 iratum,
2463 1317 2572 1370 302

201 1393 253 1453 si
283 1410 403 1453 non
432 1391 694 1461 stultum,
727 1392 777 1451 si
806 1409 928 1452 non
955 1389 1145 1451 levem
1176 1398 1388 1452 testem
1417 1388 1689 1451 laeseris!
1733 1389 1928 1452 Habet
1955 1393 2115 1452 enim
2144 1400 2204 1454 et
2231 1393 2438 1463 volun-

198 1484 384 1536 tatem
414 1475 668 1536 nocendi
694 1477 758 1535 in
786 1474 1092 1536 iracundia
1123 1482 1184 1536 et
1210 1477 1326 1535 vim
1356 1475 1417 1533 in
1441 1475 1683 1553 ingenio
1707 1481 1766 1534 et
1788 1475 2023 1553 pondus
2041 1477 2106 1536 in
2129 1477 2271 1546 vita;
2304 1496 2435 1550 nec,

201 1561 253 1620 si
281 1560 396 1620 hoc
425 1560 671 1622 Crassus
700 1577 823 1621 non
852 1560 1183 1629 committit,
1225 1557 1363 1618 ideo
1393 1575 1517 1619 non
1547 1558 1717 1619 multi
1745 1567 1805 1618 et
1832 1577 2011 1637 saepe
2040 1563 2434 1624 committunt.

201 1644 331 1715 Quo
358 1645 599 1723 quidem
628 1644 776 1704 mihi
805 1643 1036 1722 turpius
1064 1642 1253 1703 videri
1292 1641 1441 1703 nihil
1472 1641 1622 1703 solet
1649 1660 1827 1721 quam
1868 1642 2028 1721 quod
2069 1661 2142 1704 ex
2164 1648 2437 1707 oratoris

201 1729 360 1789 dicto
391 1727 587 1807 aliquo
630 1737 732 1789 aut
758 1745 1050 1807 responso
1081 1734 1183 1788 aut
1209 1733 1422 1804 rogatu
1450 1744 1649 1787 sermo
1676 1725 1778 1786 ille
1808 1728 2102 1806 sequitur:
2147 1728 2167 1758 ‘
2184 1727 2432 1790 Occidit.

198 1811 727 1873 Adversariumne?
758 1811 947 1873 Immo
968 1828 1129 1881 vero,
1151 1813 1332 1879 aiunt,
1363 1828 1428 1870 se
1452 1818 1514 1870 et
1536 1828 1688 1881 eum,
1722 1828 1899 1890 quem
1930 1810 2235 1892 defendit.²
2266 1812 2391 1874 Hoc
2407 1811 2607 1887 75303

201 1897 452 1958 Crassus
480 1914 601 1956 non
630 1901 801 1974 putat
827 1896 944 1955 nisi
971 1893 1219 1973 perfidia
1248 1894 1522 1955 accidere
1565 1913 1774 1974 posse;
1829 1912 1940 1973 ego
1972 1901 2169 1956 autem
2212 1899 2435 1976 saepis-

199 1981 351 2041 sime
401 1979 574 2040 video
614 1980 679 2039 in
720 1980 913 2039 causis
956 1976 1176 2058 aliquid
1217 1977 1358 2039 mali
1397 1978 1598 2039 facere
1638 1977 1912 2039 homines
1951 1980 2199 2041 minime
2227 1981 2435 2045 malos·

199 2064 373 2136 Quid,
404 2062 568 2133 illud,
600 2063 758 2144 quod
787 2081 968 2142 supra
997 2062 1136 2133 dixi,
1169 2061 1362 2123 solere
1391 2081 1489 2122 me
1519 2062 1735 2123 cedere
1759 2069 1835 2132 et,
1868 2071 1934 2125 ut
1959 2061 2194 2140 planius
2219 2063 2433 2137 dicam,

197 2148 406 2225 fugere
437 2166 525 2218 ea,
557 2165 710 2228 quae
741 2146 906 2208 valde
933 2165 1171 2208 causam
1200 2164 1395 2207 meam
1422 2155 1787 2227 premerent,
1819 2165 1956 2207 cum
1984 2147 2046 2207 id
2068 2164 2188 2207 non
2210 2147 2437 2210 faciunt

199 2231 300 2293 alii
345 2241 775 2313 versanturque
814 2233 877 2293 in
928 2232 1189 2293 hostium
1230 2232 1441 2293 castris
1493 2249 1562 2291 ac
1613 2250 1719 2292 sua
1766 2229 2061 2309 praesidia
2111 2231 2434 2303 dimittunt,

198 2315 659 2378 mediocriterne
713 2317 907 2378 causis
960 2322 1207 2386 nocent,
1260 2333 1395 2377 cum
1437 2321 1541 2377 aut
1584 2314 2054 2376 adversariorum
2096 2314 2435 2377 adiumenta

199 2402 555 2466 confirmant
599 2409 700 2463 aut
728 2420 816 2471 ea,
860 2419 1012 2480 quae
1051 2418 1263 2461 sanare
1296 2407 1618 2478 nequeunt,
1660 2398 2037 2460 exulcerant?
2077 2399 2247 2471 Quid,
2293 2419 2427 2463 cum
2459 2406 2565 2459 304

197 2503 609 2564 personarum,
641 2503 786 2566 quas
815 2483 1162 2554 defendunt,
1208 2484 1502 2545 rationem
1532 2501 1656 2544 non
1683 2482 1941 2544 habent?
1982 2484 2051 2553 si,
2094 2501 2246 2562 quae
2295 2491 2437 2546 sunt

195 2571 262 2629 in
290 2569 383 2630 his
402 2569 708 2640 invidiosa,
740 2587 863 2630 non
884 2569 1157 2645 mitigant
1178 2567 1570 2637 extenuando,
1601 2566 1705 2627 sed
1728 2565 2024 2628 laudando
2048 2573 2110 2626 et
2131 2567 2434 2628 efferendo

195 2653 576 2716 invidiosiora
604 2653 847 2723 faciunt,
890 2660 1176 2731 quantum
1207 2658 1298 2711 est
1336 2653 1399 2711 in
1443 2668 1513 2710 eo
1555 2650 1797 2714 tandem
1838 2649 2004 2710 mali!
2064 2649 2236 2720 Quid,
2279 2652 2331 2712 si
2368 2653 2435 2711 in

195 2738 472 2800 homines
500 2756 671 2798 caros
696 2735 1109 2815 iudicibusque
1138 2734 1427 2796 iucundos
1456 2736 1585 2795 sine
1624 2733 1743 2795 ulla
1783 2734 2258 2814 praemunitione
2300 2753 2434 2796 ora-

196 2823 378 2883 tionis
423 2820 697 2882 acerbius
739 2828 800 2881 et
838 2818 1321 2881 contumeliosius
1356 2818 1668 2889 invehare,
1722 2835 1922 2878 nonne
1963 2815 2070 2878 abs
2107 2825 2167 2877 te
2206 2818 2434 2882 iudices

196 2904 536 2966 abalienes?
567 2904 736 2976 Quid,
769 2906 837 2975 si,
868 2923 1020 2984 quae
1050 2905 1185 2963 vitia
1215 2910 1317 2964 aut
1342 2902 1720 2963 incommoda
1748 2903 1977 2963 suntin
2006 2900 2203 2982 aliquo
2230 2903 2430 2964 iudice
2456 2912 2567 2966 305

194 3008 319 3050 uno
341 2996 443 3050 aut
468 2987 761 3069 pluribuS‚
791 3008 859 3050 ea
890 2996 954 3050 tu
982 2990 1045 3048 in
1076 2987 1428 3049 adversariis
1458 2986 1875 3065 exprobrando
1900 3004 2019 3047 non
2040 2985 2354 3066 intellegas
2374 2994 2434 3047 te

199 3076 265 3135 in
294 3073 524 3135 iudices
551 3074 770 3144 invehi,
801 3073 1107 3135 mediocre
1134 3079 1445 3150 peccatum
1479 3071 1605 3132 est?
1636 3071 1808 3143 Quid,
1841 3072 1909 3142 si,
1942 3089 2076 3132 cum
2102 3089 2217 3150 pro
2247 3069 2436 3132 altero

197 3158 380 3229 dicaS,
412 3158 577 3218 litem
606 3166 769 3219 tuam
797 3158 982 3219 facias
1012 3165 1114 3218 aut
1139 3155 1337 3217 laesus
1367 3156 1616 3217 efferare
1639 3155 1963 3225 iracundia,
1995 3172 2232 3215 causam
2252 3154 2437 3214 relin-

196 3260 363 3322 quas»,
395 3240 621 3302 nihilne
653 3243 904 3303 noceas?
962 3241 1030 3302 In
1059 3259 1178 3319 quo
1209 3258 1347 3319 ego,
1392 3258 1515 3300 non
1544 3258 1663 3318 quo
1694 3239 1952 3299 libenter
1978 3237 2134 3298 male
2178 3237 2433 3306 audiam,

264 3536 356 3577 301.
384 3528 768 3591 interroyemue,
796 3540 888 3574 zur
903 3525 1047 3574 Rede
1069 3524 1267 3575 stellen.
1368 3522 1631 3585 homines,
1667 3537 1798 3586 quos
1822 3522 1896 3571 illi
1921 3536 2068 3571 caros
2092 3519 2299 3582 habent,
2327 3519 2437 3570 lae-

205 3601 213 3608 ”
264 3603 358 3645 302.
409 3610 557 3660 quam
597 3595 736 3659 qnod
779 3591 900 3656 (wie
934 3592 1026 3641 der
1057 3592 1265 3641 Abrinc.
1371 3591 1572 3650 dantur,
1598 3597 1686 3641 aut
1708 3590 1877 3652 aliquo
1903 3588 2156 3639 eiusmodi
2180 3588 2304 3638 vitio
2328 3588 2434 3638 lae·

195 3662 306 3712 und
352 3661 433 3710 die
472 3660 654 3710 beiden
688 3660 790 3711 Erl.
836 3657 1057 3723 haben),
1105 3658 1268 3708 wofiir
1370 3658 1521 3708 datur
1564 3657 1813 3707 auditoris
1862 3656 2116 3707 voluntas.
2174 3657 2287 3705 aine
2333 3658 2440 3705 ulla

196 3728 328 3780 auch
366 3730 445 3776 eiu
473 3726 809 3778 infinitivsatz
844 3726 1025 3777 stehen
1056 3727 1265 3787 konnte,
1361 3727 1787 3790 praemunitione,
1807 3724 1938 3774 ohne
1955 3723 2232 3787 irgendwie
2249 3737 2435 3772 vorzu-

194 3798 323 3846 wiel
342 3795 530 3858 37,169.
548 3803 749 3861 rogatu,
763 3796 964 3845 Andere
981 3802 1159 3857 rogato
1180 3807 1264 3841 um
1369 3794 1555 3843 bauco.
1602 3790 1923 3856 Niigelsbach
1945 3791 2056 3841 Lat.
2086 3790 2205 3840 Stil.
2226 3786 2260 3854 S
2286 3786 2369 3848 19,
2395 3798 2437 3838 1.

196 3865 288 3914 der
311 3863 633 3914 Concinnitat
665 3865 757 3912 mit
781 3864 913 3913 dicto
942 3879 989 3913 u.
1016 3875 1266 3927 responso
1436 3860 1535 3918 75,
1568 3868 1662 3911 305.
1714 3861 1768 3908 in
1799 3861 1969 3925 aliquo
2001 3859 2193 3914 iudice,
2246 3858 2279 3917 S
2313 3854 2442 3906 245.

194 3931 384 3981 willen.
411 3929 734 3995 Nfigelsbach
756 3930 867 3981 Lat,
894 3929 1004 3980 Stil.
1030 3926 1062 3995 S
1086 3926 1170 3991 28,
1202 3937 1239 3978 1.
1369 3929 1503 3977 litem
1527 3934 1660 3977 tuam
1687 3927 1904 3989 saciass
1932 3922 2186 3976 demnach
2217 3924 2295 3973 als
2318 3937 2436 3987 per·

264 4006 360 4049 304.
395 4014 575 4058 caro-⁴5,
599 3997 676 4049 ,ad
698 3999 815 4048 Her.
842 4000 888 4048 ΙΙ
922 3998 1014 4055 27,
1048 4006 1101 4047 43
1141 3997 1267 4046 item
1368 3992 1566 4047 sonlich
1584 3994 1898 4044 interessiert
1915 3992 2218 4043 erscheinst.
2237 4004 2444 4040 causam

194 4066 437 4116 vitiosum
462 4073 558 4127 est,
583 4066 719 4127 quod
738 4065 921 4115 dicitur
937 4072 1111 4115 contra
1127 4065 1267 4115 iudi·
1367 4065 1655 4127 relinquas,
1696 4061 1809 4111 also
1832 4062 1943 4110 rein
1966 4056 2258 4126 persculich
2278 4057 2438 4107 wirst.

196 4134 271 4184 cis
288 4134 600 4183 voluntatem
618 4143 707 4183 aut
725 4146 918 4194 eorum,
931 4133 1016 4194 qui
1034 4132 1265 4194 audiunt,
1437 4145 1540 4181 non
1564 4144 1679 4194 quo,
1704 4127 1845 4178 nicht
1861 4143 1957 4178 aus
1971 4124 2443 4191 Gleichgiiltigkeit,

194 4201 242 4252 si
265 4212 354 4251 aut
377 4210 574 4266 partes,
610 4202 796 4264 quibus
821 4201 898 4251 illi
919 4200 1152 4263 student,
1178 4207 1268 4250 aut
1366 4195 1444 4248 als
1470 4198 1534 4247 ob
1553 4195 1637 4245 ich
1654 4194 2058 4262 unempfiudlich
2074 4197 2211 4245 ware
2233 4193 2315 4244 bei
2339 4191 2443 4242 den

1902 4279 2061 4364 17¹⁸,
