2930 4693
842 264 940 328 DE
971 263 1328 327 ORATORE
1356 264 1409 326 11
1438 262 1541 326 30.
1590 270 1899 326 129-131.
2364 272 2488 336 139

254 433 483 495 caelum
513 432 710 495 verbis
739 434 976 506 extulit,
1030 442 1156 496 tres
1183 441 1323 496 sunt
1350 435 1641 506 rationeS,
1674 442 1741 497 ut
1768 442 1906 497 ante
1937 436 2083 497 dixi:
2136 436 2257 498 una
2284 440 2485 499 conci-

252 518 589 581 liandorum
609 520 935 591 hominum,
970 518 1157 582 altera
1178 519 1605 591 docendorum,
1635 522 1810 582 tertia
1832 522 2338 585 concitandorum.
2369 523 2487 585 Ha·
2526 530 2627 582 129

251 623 387 666 rum
408 606 592 666 trium
610 607 869 685 partium
895 607 1087 686 prima
1110 604 1413 667 lenitatem
1429 606 1732 677 orationiS,
1746 606 2004 668 secunda
2025 626 2295 680 acumen,
2311 611 2488 670 tertia

251 691 369 750 vim
402 690 716 751 desiderat.
798 690 949 752 Nam
979 692 1095 752 hoc
1123 709 1368 753 necesse
1399 698 1518 763 est,
1560 699 1628 753 ut
1654 693 1736 762 is,
1786 692 1888 771 qui
1916 691 2090 753 nobis
2119 710 2354 755 causam
2384 693 2487 755 ad-

250 775 619 836 iudicaturus
648 776 751 847 sit,
804 783 906 837 aut
934 776 1318 839 inclinatione
1349 773 1661 838 voluntatis
1690 778 2061 857 propendeat
2100 780 2164 838 in
2195 796 2331 849 nos,
2387 787 2489 840 aut

251 859 617 923 defensionis
646 863 1013 940 argumentis
1042 861 1398 933 adducatur,
1451 869 1554 923 aut
1600 862 1785 923 animi
1813 865 2189 942 permotione
2220 871 2484 943 cogatur.

251 945 371 1006 Sed
401 947 679 1026 quoniam
707 946 811 1007 illa
840 965 996 1027 pars,
1028 949 1092 1008 in
1122 966 1237 1028 qua
1266 965 1472 1008 rerum
1501 949 1765 1028 ipsarum
1790 947 2104 1029 explicatio
2127 967 2195 1011 ac
2220 947 2486 1012 defensio

248 1032 441 1110 posita
471 1038 577 1103 est,
608 1032 841 1093 videtur
872 1050 1109 1093 omnem
1140 1033 1317 1094 huius
1345 1034 1587 1111 generis
1615 1034 1782 1113 quasi
1805 1032 2137 1094 doctrinam
2159 1035 2483 1105 continere,

251 1115 326 1176 de
359 1134 428 1176 ea
457 1118 718 1196 primum
747 1116 1061 1197 loquemur
1091 1123 1150 1178 et
1178 1136 1368 1199 pauca
1397 1117 1682 1180 dicemus.
1742 1119 1937 1180 Pauca
1958 1121 2118 1180 enim
2148 1127 2302 1192 sunt,
2334 1138 2486 1200 quae

251 1219 365 1262 usu
393 1202 512 1262 iam
544 1209 791 1263 tractata
826 1210 885 1263 et
913 1204 1111 1264 animo
1142 1204 1312 1284 quasi
1340 1210 1544 1265 notata
1571 1203 1797 1264 habere
1827 1203 2152 1266 videamur.

418 1286 502 1347 Ac
531 1285 639 1347 tibi
667 1289 966 1368 sapienter
995 1290 1288 1360 monenti,
1333 1289 1573 1359 Crasse,
1625 1287 1882 1350 libenter
1911 1290 2341 1361 adsentiemur,
2373 1284 2656 1360 ut30130

248 1370 615 1451 singularum
648 1390 958 1434 causarum
990 1374 1397 1445 defensioneS,
1446 1392 1592 1454 quas
1619 1373 1815 1436 solent
1843 1377 2112 1454 magistri
2133 1377 2337 1456 pueris
2365 1383 2485 1437 tra-

250 1457 425 1527 dere,
478 1457 911 1538 relinquamus,
967 1460 1302 1538 aperiamus
1346 1466 1544 1520 autem
1589 1460 1780 1538 capita
1824 1477 1920 1529 ea,
1972 1460 2133 1521 unde
2173 1463 2368 1522 omnis
2411 1460 2487 1521 ad

248 1560 492 1604 omnem
534 1551 593 1604 et
636 1562 872 1605 causam
914 1551 974 1605 et
1015 1546 1345 1606 orationem
1377 1544 1693 1624 disputatio
1725 1544 1978 1606 ducitur.
2069 1545 2273 1625 Neque
2304 1547 2483 1617 enim,

132 1679 147 1698 ,
246 1629 526 1708 quotiens
556 1628 803 1690 verbum
835 1628 1073 1710 aliquod
1104 1637 1194 1691 est
1222 1628 1604 1691 scribendum
1635 1628 1836 1701 nohiS,
1890 1630 2108 1691 totiens
2151 1631 2279 1691 eius
2320 1629 2487 1691 verbi

252 1712 489 1774 litterae
519 1721 658 1774 sunt
687 1715 1044 1793 cogitatione
1074 1715 1550 1795 conquirendae,
1582 1732 1695 1775 nec
1725 1715 1999 1794 quotiens
2029 1733 2204 1776 causa
2235 1713 2486 1776 dicenda

248 1805 367 1868 est,
410 1800 631 1859 totiens
671 1799 745 1860 ad
775 1800 902 1860 eius
931 1817 1145 1861 causae
1174 1802 1428 1880 seposita
1463 1807 1813 1879 argumenta
1840 1799 2063 1861 revolvi
2090 1819 2200 1862 nos
2230 1807 2483 1879 oportet,

247 1881 354 1942 sed
385 1883 609 1945 habere
639 1892 835 1946 certos
863 1883 1045 1955 locoS,
1074 1887 1194 1964 qui,
1227 1893 1293 1946 ut
1320 1885 1555 1947 litterae
1585 1884 1661 1946 ad
1687 1884 1936 1947 verbum
1966 1886 2366 1956 scribendum,
2399 1887 2486 1962 sic

249 1966 339 2027 illi
370 1968 444 2028 ad
475 1987 712 2030 causam
744 1967 1152 2049 explicandam
1182 1971 1380 2031 statim
1403 1978 1741 2032 occurrant.
1790 1970 1909 2032 Sed
1938 1972 2002 2032 hi
2029 1970 2146 2032 loci
2168 1972 2224 2031 ei
2244 1970 2483 2032 demum
2525 1991 2620 2044 131

248 2055 475 2114 oratori
503 2053 790 2135 prodesse
824 2062 1099 2134 possunt,
1153 2057 1256 2136 qui
1285 2063 1376 2116 est
1402 2063 1670 2117 versatus
1697 2057 1758 2116 in
1791 2054 1971 2117 rebus
2002 2055 2094 2116 vel
2122 2074 2263 2126 usu,
2306 2074 2483 2136 quem

248 2144 411 2199 aetas
441 2138 699 2220 denique
743 2139 967 2212 adfert,
1023 2139 1114 2201 vel
1157 2140 1455 2202 auditione
1487 2148 1548 2202 et
1577 2142 1964 2220 cogitatione,
2020 2159 2170 2222 quae
2201 2140 2394 2202 studio
2427 2148 2487 2201 et

249 2222 555 2302 diligentia
584 2227 920 2304 praecurrit
948 2232 1220 2288 aetatem.
1309 2226 1458 2287 Nam
1504 2228 1556 2288 si
1593 2234 1659 2287 tu
1697 2226 1847 2288 mihi
1891 2228 2155 2305 quamvis
2186 2224 2484 2287 eruditum

248 2308 553 2371 hominem
586 2309 919 2382 adduxeriS,
952 2313 1216 2392 quamvis
1247 2329 1447 2374 acrem
1478 2318 1539 2373 et
1567 2318 1805 2373 acutum
1829 2312 1892 2373 in
1913 2310 2245 2390 cogitando,
2278 2329 2484 2392 quam·

246 2396 336 2454 vis
365 2395 439 2456 ad
467 2396 973 2476 pronuntiandum
1005 2397 1379 2477 expeditum,
1423 2399 1476 2458 si
1517 2399 1630 2457 erit
1658 2396 1818 2458 idem
1849 2397 1910 2456 in
1942 2397 2370 2459 consuetudine
2401 2398 2485 2457 ci-

246 2480 457 2552 vitatiS,
488 2481 551 2542 in
583 2480 887 2562 exempliS,
918 2483 982 2542 in
1011 2483 1313 2556 institutiS,
1346 2484 1410 2544 in
1439 2481 1708 2544 moribus
1739 2500 1808 2543 ac
1838 2480 2237 2544 voluntatibus
2268 2483 2485 2545 civium

245 2667 380 2718 liche
435 2667 761 2734 Darstellung

248 2735 308 2801 (S
344 2733 494 2800 130),
531 2737 759 2799 facultas
792 2738 877 2788 die
910 2737 1156 2802 specielle
1193 2738 1311 2788 red-

246 2804 482 2854 nerische
504 2805 852 2870 Tiichtigkeit,
876 2806 971 2854 wie
995 2806 1071 2855 sie
1092 2805 1148 2854 in
1172 2806 1314 2855 einer

830 2670 902 2719 im
958 2669 1313 2735 Allgemeinen

150 2902 157 2907 ·
247 2872 513 2922 einzelnen
548 2873 844 2938 Beziehung
876 2874 1161 2924 besonders
1193 2874 1313 2924 her—

244 2942 458 3071 ξοῖιῙι-ὃίιι.
479 2945 727 3007 ναεὶοηεε,
739 2942 933 3008 Regeln
944 2942 1069 2993 oder
1080 2940 1312 3006 Gesetze‚

314 3086 409 3128 129.
444 3077 645 3129 Harum
680 3085 774 3128 etc.
820 3079 947 3129 Dem
972 3078 1312 3147 entsprechen

246 3148 383 3196 deun
406 3145 538 3196 auch
563 3147 648 3196 die
672 3147 783 3197 drei
801 3146 1196 3213 Stilgattuugen,
1225 3147 1310 3198 Or.

244 3213 338 3275 21,
374 3223 424 3265 69
470 3213 573 3265 Sed
608 3222 730 3276 quot
763 3215 933 3266 officia
957 3217 1194 3276 oratoris,
1238 3222 1314 3265 tot

245 3290 368 3332 sunt
400 3297 589 3346 genera
625 3283 850 3332 dicendi:
893 3282 1074 3334 subtile
1108 3284 1162 3332 in
1194 3298 1308 3349 pro-

245 3351 442 3410 bando,
468 3350 712 3398 modicum
733 3350 787 3398 in
811 3350 1133 3411 delectandO,
1168 3351 1316 3400 vehe-

242 3434 382 3468 mens
424 3418 479 3465 in
518 3416 796 3475 flectendo,
843 3418 897 3467 iu
940 3433 1041 3480 quo
1082 3433 1185 3468 uno
1231 3420 1315 3468 via

243 3487 412 3536 omnis
439 3484 685 3535 orationis
710 3492 806 3547 est,
831 3485 880 3548 5,
908 3494 959 3535 20
982 3486 1037 3535 ff.

311 3572 701 3622 adiudicaturus
715 3571 801 3633 sil,
822 3570 911 3619 der
930 3569 1038 3620 sich
1051 3571 1186 3622 dazu
1199 3578 1312 3621 ent-

243 3640 528 3690 schliessen
553 3637 665 3703 soll,
696 3655 760 3689 zu
777 3653 965 3689 unsern
990 3639 1219 3691 Gunsten
1248 3655 1311 3689 zu

250 3706 600 3758 entscheiden.

308 3794 639 3858 propendeat
672 3792 812 3845 Brut.
837 3792 922 3855 54,
948 3803 1041 3845 200.

310 3881 401 3929 illa
428 3893 588 3944 para,
625 3877 847 3927 niimlich
880 3879 963 3929 die
995 3876 1310 3930 Beweisfiih-

242 3961 404 4011 rung,
446 3947 529 3996 bei
561 3947 652 3996 der
686 3946 768 3995 die
801 3945 1122 3998 Thatsachen
1155 3947 1315 3999 selbst

244 4015 508 4080 dargelegt
530 4014 639 4064 und
660 4013 968 4081 vertheidigt
989 4016 1207 4067 werden.

310 4116 421 4162 aaa,
456 4101 509 4149 in
536 4101 626 4150 der
642 4099 819 4149 Praxis
844 4100 1034 4150 bereits
1051 4098 1312 4149 mehrfach

243 4167 520 4218 behandelt
559 4167 669 4217 und
701 4167 869 4217 davon
905 4169 1183 4233 gleichsam
1217 4169 1310 4218 ab·

242 4235 482 4286 strahiert
498 4237 605 4286 und
619 4236 690 4284 im
701 4233 874 4286 Geiste
892 4237 1207 4302 angemerkt,
1220 4237 1314 4285 mit

242 4303 541 4369 Beziehung
563 4302 656 4355 ani'
676 4300 708 4370 S
733 4301 816 4355 32.

1484 2669 1578 2729 30,
1624 2676 1715 2718 130.
1770 2670 1974 2733 capita,
2017 2669 2101 2718 die
2142 2669 2484 2734 allgemeinen

1415 2737 1911 2803 Hauptkategorieen
1939 2737 2023 2787 od.
2036 2734 2485 2803 Gesichtspunkte‚

1414 2820 1519 2856 von
1556 2806 1722 2855 denen
1748 2805 1870 2868 jede
1893 2806 2207 2871 Eriirterung
2239 2805 2397 2857 sowol
2430 2807 2482 2856 in

1414 2873 1714 2939 Beziehung
1724 2872 1817 2923 auf
1816 2872 1838 2937 j
1845 2873 1974 2923 eden
1988 2883 2256 2924 concreten
2268 2873 2485 2925 Rechts-

1413 2942 1528 3005 i'all,
1554 2941 1633 2992 als
1663 2941 1786 3005 jede
1814 2942 2141 2992 reduerische
2163 2942 2485 3007 Darstellung

1414 3009 1705 3076 iiber-haupt
1727 3010 2056 3076 auszugehen
2080 3010 2183 3075 hat,
2209 3008 2241 3077 S
2271 3009 2383 3061 119.

1482 3080 1557 3130 ad
1576 3079 1684 3129 εἰπε
1706 3093 1893 3130 causae
1913 3081 2145 3144 seposita
2168 3086 2488 3144 argumenta,

1416 3163 1482 3196 zu
1517 3147 1617 3196 den
1662 3147 1981 3197 besonderen
2014 3147 2277 3198 Beweisen
2314 3148 2483 3198 dieses

1416 3213 1693 3281 speciellen
1718 3215 1901 3266 Palles.

1480 3283 1686 3340 revolvi,
1708 3281 1740 3344 ὃ
1760 3281 1877 3333 135.
1904 3281 1969 3331 de
1986 3297 2095 3348 rep.
2116 3282 2224 3332 124
2246 3297 2342 3331 nec
2358 3296 2481 3332 vero

1412 3351 1487 3403 ita
1508 3350 1779 3409 disseram,
1815 3357 1874 3400 nt
1905 3350 1973 3399 ad
2003 3349 2093 3399 illa
2123 3351 2374 3400 elementa
2398 3363 2481 3398 re-

1415 3419 1611 3469 volvar.

1438 3520 1445 3527 ·
1479 3494 1539 3536 ut
1559 3488 1780 3537 litterae.
1808 3485 1981 3546 Quint.
2000 3484 2049 3534 V
2072 3484 2150 3545 10,
2171 3493 2247 3534 125
2270 3484 2361 3534 sed
2386 3484 2483 3533 hoc

1415 3555 1775 3605 exercitatione
1791 3554 1953 3604 multa
1972 3552 2407 3616 consequendum,
2432 3562 2486 3602 ut

1414 3647 1481 3657 —-
1506 3623 1719 3673 oratoris
1744 3621 2084 3688 cognitionem
2108 3620 2233 3671 nihil
2256 3628 2485 3671 moretur

1413 3690 1542 3741 haec
1566 3691 1786 3741 varietas
1818 3698 2237 3756 argumentorum
2262 3698 2311 3739 et
2333 3704 2394 3739 co
2434 3690 2483 3739 ia

1414 3760 1509 3809 sed
1545 3759 1693 3821 quasi
1726 3758 1903 3809 offerat
1936 3774 1995 3809 se
2030 3765 2081 3808 et
2115 3764 2358 3809 occurrat
2418 3757 2483 3808 de

1416 3841 1490 3877 or.
1518 3829 1539 3876 1
1565 3824 1657 3887 33,
1683 3826 1786 3889 151)
1812 3834 1887 3890 ct,
1927 3836 1984 3877 ut
2006 3827 2201 3876 litterae
2225 3826 2477 3891 syllabae-

1417 3911 1518 3959 que
1535 3895 1862 3946 scribentium
1875 3895 2240 3960 cogitationem
2258 3907 2358 3943 non
2373 3894 2483 3943 exi-

1414 3971 1561 4028 gunt,
1589 3964 1663 4012 sic
1683 3963 1932 4012 rationem
1951 3970 2138 4029 sponte
2157 3962 2378 4026 quadam
2396 3977 2478 4012 se·

1416 4040 1655 4095 quantur.

1485 4108 1577 4148 131.
1613 4105 1846 4149 versatus
1877 4100 1930 4148 in
1951 4099 2135 4160 rebus,
2178 4099 2248 4148 im
2282 4096 2481 4163 Gegew

1415 4178 1526 4218 satz
1562 4182 1628 4215 zu
1652 4166 1767 4215 dem
1794 4167 1998 4217 blossen
2025 4165 2479 4226 Schulrhetoriker,

1415 4237 1508 4285 der
1526 4234 1634 4284 sich
1654 4242 1779 4285 stets
1797 4250 1894 4285 nur
1915 4236 1968 4284 in
1992 4235 2083 4285 der
2106 4235 2367 4285 formellen
2388 4236 2482 4285 ab·

1415 4310 1638 4355 stracten
1663 4302 1878 4355 Theorie
1902 4305 2102 4370 bewcgt
2124 4303 2232 4356 hat.

1942 4391 2076 4458 13*
