2930 4693
391 228 471 292 36
1022 223 1119 285 DE
1149 221 1503 287 ORATORE
1532 222 1558 284 1
1605 221 1705 286 20.
1736 228 1973 283 89-91.

390 396 753 457 orationihus
763 393 1144 456 Demostheni
1166 392 1470 473 praeclare
1493 394 1709 475 scripta
1733 394 2124 474 pronuntians
2153 392 2420 465 docebat,
2443 393 2610 457 illum

388 481 451 540 in
481 483 693 542 animis
714 478 805 541 vel
834 479 1094 541 iudicum
1124 478 1215 540 vel
1245 478 1447 560 populi
1476 481 1536 540 in
1568 497 1805 540 omnem
1835 484 2064 558 partem
2094 479 2344 541 dicendo
2372 498 2609 560 permof·

387 566 593 627 vendis
634 584 753 627 non
782 563 962 626 fuisse
990 566 1291 644 ignarum,
1344 564 1559 645 quihus
1609 583 1679 625 ea
1707 562 1887 626 rebus
1916 572 2407 645 consequeretur,
2460 583 2610 646 quae

186 642 382 797 (QQSS)
406 659 649 730 negaret
676 649 775 712 ille
804 651 930 711 sine
960 649 1329 730 philosophia
1346 668 1698 731 quemquam
1730 668 1903 712 nosse
1931 668 2124 729 posse.
2182 650 2334 711 Huic
2360 668 2609 730 respon-

388 735 580 806 debat,
613 754 733 798 non
754 753 818 797 se
842 752 1060 814 negare
1085 735 1543 796 Demosthenem
1565 754 1854 798 summam
1886 735 2261 814 prudentiam
2290 753 2610 798 summam-

387 839 502 902 que
544 823 657 883 vim
690 819 966 882 habuisse
997 819 1271 892 dicendi,
1330 821 1436 882 sed
1464 822 1587 881 sive
1613 820 1714 882 ille
1744 821 1858 882 hoc
1886 822 2126 899 ingenio
2155 822 2443 899 potuisset
2469 822 2608 892 sive,

386 906 448 968 id
498 907 654 987 quod
706 911 1032 976 constaret,
1085 904 1346 967 Platonis
1390 906 1687 969 studiosus
1728 905 2004 968 audiendi
2035 906 2267 977 fuisset,
2320 923 2440 967 non
2469 905 2610 987 quid

287 996 358 1050 90
385 991 485 1054 ille
537 993 852 1072 potuisset,
914 990 1018 1051 sed
1071 990 1212 1071 quid
1256 992 1354 1052 isti
1397 991 1683 1053 docerent
1733 1009 1862 1053 esse
1914 990 2337 1071 quaerendum.
2420 990 2610 1071 Saepe

386 1079 562 1139 etiam
589 1079 654 1138 in
685 1095 815 1138 eam
845 1083 1076 1156 partem
1105 1073 1407 1140 ferebatur
1436 1078 1734 1148 oratione,
1766 1084 1831 1138 ut
1859 1077 2101 1138 omnino
2124 1076 2454 1156 disputaret
2479 1075 2608 1138 nul·

384 1163 500 1224 lam
532 1170 721 1224 artem
752 1180 881 1223 esse
910 1160 1177 1231 dicendi;
1220 1161 1398 1241 idque
1429 1180 1562 1223 oum
1595 1164 1960 1241 argumentis
1990 1162 2298 1232 docuerat,
2341 1161 2498 1242 quod
2527 1163 2607 1224 ita

383 1249 508 1310 nati
550 1265 838 1318 essemus,
890 1254 957 1307 ut
995 1253 1055 1307 et
1096 1245 1351 1308 blandiri
1391 1246 1737 1327 suppliciter
1766 1254 1826 1309 et
1853 1246 2146 1310 subtiliter
2171 1248 2473 1309 insinuare
2503 1248 2606 1317 eis,

385 1352 418 1395 a
461 1331 675 1414 quibus
715 1340 871 1395 esset
909 1331 1229 1412 petendum
1244 1380 1259 1403 ‚
1314 1339 1374 1394 et
1411 1332 1780 1394 adversarios
1808 1333 2119 1394 minaciter
2147 1340 2377 1394 terrere
2405 1349 2608 1413 posse-

384 1437 516 1480 mus
538 1464 553 1488 ,
598 1426 659 1480 et
697 1437 823 1479 rem
857 1424 1082 1497 gestam
1114 1434 1413 1498 exponere
1444 1425 1503 1479 et
1531 1418 1620 1490 id,
1672 1418 1830 1500 quod
1859 1418 2302 1480 intenderemus
2324 1466 2338 1487 ,
2393 1418 2609 1480 confir-

382 1522 548 1569 mare
578 1512 638 1565 et
664 1503 755 1573 id,
795 1502 955 1583 quod
996 1509 1199 1564 contra
1243 1502 1571 1576 diceretur,
1617 1503 1921 1575 refellere,
1954 1511 2013 1565 et
2043 1503 2116 1564 ad
2146 1509 2475 1564 extremum
2507 1502 2609 1564 de-

383 1591 616 1670 precari
657 1588 874 1668 aliquid
919 1594 977 1649 et
1018 1590 1330 1669 conqueri,
1383 1589 1596 1670 quibus
1624 1591 1688 1650 in
1716 1589 1896 1651 rebus
1924 1590 2116 1651 omnis
2147 1595 2446 1650 oratorum
2477 1607 2609 1650 ver-

383 1681 615 1736 saretur
642 1672 913 1744 facultas,
967 1680 1028 1734 et
1056 1673 1212 1754 quod
1256 1675 1619 1737 consuetudo
1651 1676 2108 1756 exercitatioque
2139 1681 2199 1736 et
2225 1673 2610 1754 intellegendi

383 1759 753 1841 prudentiam
786 1766 1026 1821 acueret
1075 1767 1135 1820 et
1165 1759 1481 1840 eloquendi
1510 1760 1870 1822 celeritatem
1899 1762 2208 1830 incitarem
2259 1768 2386 1821 tum
2431 1761 2609 1822 etiam

283 1850 350 1903 91
383 1844 784 1925 exemplorum
818 1845 986 1924 copia
1017 1843 1333 1906 nitebatur.
1405 1846 1553 1907 Nam
1585 1847 1840 1926 primum
1871 1847 2038 1925 quasi
2068 1845 2261 1907 dedita
2293 1863 2473 1925 opera
2503 1863 2608 1907 ne-

383 1932 603 1993 minem
629 1930 980 2009 scriptorem
1007 1931 1151 1990 artis
1179 1948 1255 1991 ne
1278 1930 1658 1993 mediocriter
1679 1931 1916 2012 quidem
1941 1931 2227 1993 disertum
2247 1929 2428 1992 fuisse
2448 1931 2608 1992 dice·

382 2015 516 2088 bat,
549 2033 684 2076 cum
713 2021 1016 2094 repeteret
1055 2032 1242 2094 usque
1271 2034 1304 2076 a
1336 2016 1561 2077 Corace
1588 2018 1790 2079 nescio
1821 2035 1937 2097 quo
1969 2023 2029 2078 et
2056 2017 2243 2087 Tisia,
2287 2035 2435 2096 quos
2464 2017 2609 2078 artis

380 2099 539 2164 illius
577 2102 915 2161 inventores
957 2106 1016 2160 et
1046 2100 1345 2180 principes
1371 2099 1554 2164 fuisse
1584 2109 1911 2172 constaret;
1955 2100 2465 2183 eloquentissimos
2505 2120 2608 2163 au·

382 2193 501 2247 tem
534 2186 805 2247 homines
827 2232 843 2256 ,
887 2186 994 2266 qui
1016 2186 1126 2246 ista
1171 2203 1283 2245 nec
1315 2184 1660 2247 didicissent
1687 2204 1800 2248 nec
1829 2188 2069 2248 omnino
2100 2188 2254 2249 scire
2285 2194 2606 2258 curassent,

381 2269 847 2333 innumerabiles
875 2270 1160 2351 quosdam
1190 2270 1561 2343 nominabam
1603 2272 1667 2332 in
1707 2271 1919 2353 quibus
1963 2274 2140 2334 etiam
2173 2272 2313 2351 (sive
2342 2270 2442 2334 ille
2470 2272 2608 2334 irri-

382 2357 531 2419 dens
581 2358 701 2419 sive
751 2357 909 2437 quod
948 2359 1030 2418 ita
1075 2363 1312 2437 putaret
1352 2364 1528 2438 atque
1567 2358 1650 2419 ita
1679 2357 1954 2440 audisset)
1987 2361 2175 2420 mein
2204 2358 2306 2420 illo
2338 2376 2606 2431 numero,

450 2561 796 2623 Demostheni,
822 2560 1070 2612 Priscian.
1092 2560 1165 2611 v1
1188 2576 1242 2628 p.
1268 2559 1370 2613 706
1394 2571 1443 2612 et

380 2630 664 2693 sciendum,
677 2628 817 2695 quod
833 2630 885 2680 iu
910 2629 1202 2681 huiusmodi
1227 2631 1444 2681 nomini-

380 2699 507 2762 bus,
542 2698 745 2770 quando
770 2699 947 2748 tertiae
970 2699 1097 2758 sint,
1134 2698 1440 2763 frequentis·

377 2768 509 2818 sime
552 2776 751 2817 veteres
784 2766 1009 2817 dativum
1049 2765 1312 2833 proferunt
1349 2781 1442 2834 pro

380 2836 605 2901 genitivo
631 2834 914 2892 Aristoteli,
935 2834 1280 2892 Demostheni,
1306 2834 1444 2886 Thu-

381 2903 552 2969 cydidi
576 2917 668 2968 pro
695 2901 981 2953 Aristotelis
1007 2911 1099 2952 etc.
1126 2910 1394 2992 ponentes.

448 2970 531 3029 20,
546 2979 613 3021 89.
640 2970 1003 3035 respondebat.
1024 2984 1096 3020 sc.
1114 2970 1443 3034 thurmodus,

379 3053 485 3089 was
544 3037 651 3088 sich
697 3053 790 3088 aus
837 3038 955 3087 dem
1004 3037 1446 3103 Zusammenhang

380 3105 533 3157 leicht
555 3107 746 3172 ergibt3
773 3107 866 3156 das
883 3105 1234 3172 gewohnliche
1251 3106 1335 3157 ille
1355 3122 1446 3157 vor

380 3189 518 3240 resp.
544 3174 701 3224 findet
724 3173 831 3224 sich
855 3175 907 3224 in
935 3174 1034 3225 den
1058 3174 1148 3225 Hs.
1173 3174 1328 3226 nicht.

447 3244 542 3294 vim
566 3268 629 3279 —
663 3242 759 3291 wie
791 3242 927 3294 diess
951 3242 1145 3310 Dionys
1180 3258 1281 3293 von
1305 3243 1440 3294 Hali·

381 3312 594 3362 karuass
619 3310 670 3360 in
686 3311 825 3361 einer
833 3311 1120 3363 besondern
1138 3311 1442 3364 isthetisch·

379 3378 565 3430 rhetor.
592 3378 780 3430 Schrift
811 3377 942 3444 περὶ
966 3377 1067 3446 τῆς
1091 3379 1350 3446 λεκτικῆς
1374 3381 1443 3433 Δ.

378 3438 791 3565 1(ξέινότητος
823 3447 1139 3498 ausfiihrlieh
1165 3447 1443 3514 dargethan

416 3524 684 3636 ati’latonis
700 3584 834 3635 Plut.
846 3583 989 3634 Dem.
1004 3584 1037 3636 5
1046 3573 1365 3667 Ἕρμιππος
1377 3578 1444 3637 δέ

380 3666 559 3719 φησιν
581 3644 919 3713 ἀδεσπότοις
930 3642 1155 3719 ὖπομνη
1202 3667 1334 3705 ασιν
1353 3644 1444 3706 ἔν-

379 3723 575 3787 τυχεῖν
586 3711 748 3778 ἕνοῖς
775 3712 1090 3786 ἐγέγραπτο
1115 3739 1144 3772 τ
1183 3723 1293 3773 νΔ.
1311 3735 1444 3773 συν-

381 3781 747 3869 εσχοιῑψιέναι
770 3782 1038 3842 Πλάτωνι
1057 3785 1157 3841 καὶ
1176 3791 1443 3842 πλεῖστον

381 3850 464 3915 εἰς
488 3872 621 3916 τους
645 3850 845 3922 λόγους
869 3851 1232 3924 ὠφελῆσθαι.
1300 3857 1439 3909 Brut.

378 3922 461 3986 31,
483 3933 554 3974 121
579 3925 1179 3976 LectitavissePlatonem
1191 3925 1436 3990 studiose,
1486 3933 1489 3938 “

378 3991 637 4042 audivisse
671 3993 823 4043 etiam
845 3993 1211 4045 Demosthenes
1235 3994 1439 4046 dicitur.

379 4058 551 4119 Quint.
575 4058 673 4108 XII
694 4060 749 4124 2,
772 4070 840 4110 22.
875 4062 994 4112 Tac.
1023 4062 1142 4113 dial.
1171 4063 1234 4114 de
1260 4077 1331 4113 or.
1351 4061 1436 4114 32.

444 4134 511 4176 90.
538 4129 992 4188 cum-docuerat,
1014 4145 1071 4181 so
1097 4129 1171 4181 oft
1195 4146 1250 4181 er
1266 4130 1441 4196 jedes-

376 4193 478 4244 mal
498 4192 879 4257 nachgewiesen
891 4194 1045 4247 hatte.
1079 4199 1263 4264 Zumpt
1276 4198 1308 4261 S
1319 4197 1438 4250 579.

378 4259 587 4313 Schultz
610 4261 643 4324 S
666 4257 782 4312 365.

1611 2561 1838 2614 blandiri
1860 2569 1952 2613 etc.
1968 2578 2146 2613 —was
2173 2564 2255 2613 die
2268 2561 2504 2628 Aufgabe
2516 2564 2608 2615 des
2714 2639 2720 2644 ⁴

1546 2632 1810 2683 exordium
1836 2632 1946 2681 sein
1972 2631 2086 2682 soll.
2134 2632 2268 2682 Einl.
2294 2632 2338 2681 11
2363 2633 2396 2694 s
2420 2631 2469 2681 7.

1609 2717 1937 2782 suppliciter,
1985 2717 2081 2765 wie
2128 2717 2210 2765 ein
2246 2716 2605 2782 Augeklagter,

1544 2785 1634 2835 der
1655 2801 1743 2836 um
1768 2785 1946 2838 Gnade
1968 2784 2114 2835 bittet
2137 2784 2384 2851 (supplex
2405 2782 2576 2850 reus).

1609 2869 1882 2932 subtiliter,
1907 2869 2001 2920 auf
2019 2870 2134 2920 eine
2156 2869 2493 2930 feineWeisQ
2513 2884 2608 2920 uu·

1543 2938 1798 2987 vermerkt
1821 2938 1927 2988 und
1953 2936 2087 2988 ohne
2110 2938 2286 3005 plump
2307 2954 2370 2989 zu
2381 2938 2606 2991 werden.

1614 3022 2167 3079 insinuare—medial.
2196 3024 2241 3073 11
2265 3022 2348 3082 35,
2373 3031 2464 3074 149.
2491 3022 2609 3074 Ari-

1547 3099 1669 3141 stot.
1688 3089 1816 3141 rhet.
1839 3091 1907 3141 111
1934 3089 1995 3140 14
2009 3129 2023 3154 ,
2048 3099 2097 3142 10
2115 3079 2257 3144 ὅταν
2272 3084 2444 3160 μέλλῃ
2470 3106 2496 3144 ε
2510 3085 2609 3153 ἰς-

1546 3149 1748 3223 άξειν
1771 3147 2004 3212 αὐτόν.
2054 3160 2186 3210 Einl.
2213 3161 2258 3210 11
2281 3163 2314 3224 s
2338 3160 2385 3212 7.

1614 3246 1687 3296 ad
1706 3251 2007 3302 extremum,
2034 3260 2149 3295 zum
2177 3244 2404 3300 SchlusS.
2455 3247 2501 3297 11
2527 3243 2607 3310 19,

1546 3321 1615 3364 79.
1651 3313 1783 3363 Einl.
1809 3315 1854 3362 ΙΙ
1877 3313 1909 3374 S
1930 3311 2011 3366 11.

1613 3406 1682 3448 91.
1721 3398 1850 3448 Nam
1872 3424 1936 3434 —
1970 3413 2077 3448 nun
2108 3397 2281 3464 folgen
2315 3398 2399 3450 die
2423 3398 2609 3466 Belege

1549 3482 1614 3517 zu
1638 3465 1734 3515 den
1760 3473 2074 3531 argumenta..

1684 3552 1764 3602 asi
1794 3552 1973 3602 dedita
2005 3568 2193 3617 opera,
2238 3551 2350 3602 ‘wie
2383 3551 2608 3604 absicht-

1545 3619 1612 3669 lic
1653 3620 1685 3670 ⁹.
1751 3620 2057 3685 scriptorem
2089 3622 2244 3680 artis,
2283 3620 2383 3672 ‘die
2417 3621 2606 3671 rhetor.

1546 3687 1907 3749 Theoretiker’‚
1934 3688 2297 3739 dieVerfasser
2321 3690 2461 3739 einer
2482 3682 2603 3771 vig·

1547 3774 1618 3824 νη
1637 3795 1650 3818 ,
1695 3756 1834 3806 eines
1858 3754 1985 3810 rhet.
2012 3754 2270 3821 systema,
2304 3773 2605 3825 τεχνογρα-

1549 3840 1782 3961 φιίιιεωίο
1807 3907 2065 3976 quo—im
2091 3906 2218 3960 Sinn
2243 3909 2334 3990 des
2353 3909 2608 3962 Antonius

1543 3976 2415 4112 Ezfdgssiii.{‘ss¹t¹.⁰25m{2.f¹²⁶⁸⁶m
2439 3979 2609 4047 ΜΒ

1609 4136 1869 4180 constaret
1891 4131 1924 4193 S
1948 4129 2030 4182 15.

1543 4264 1575 4331 S
1598 4200 1666 4316 ὃς
1685 4197 1875 4264 quibus,
1902 4196 2225 4262 ‘wobei’‚wie
2242 4198 2410 4265 gleieh
2427 4198 2614 4251 darauf
