2930 4693
833 218 931 281 DE
963 217 1320 283 ORATORE
1351 218 1427 279 111
1481 218 1578 279 10.
1624 223 1885 279 37-39.
2350 221 2484 287 237
2583 294 2606 299 ,

240 385 460 449 horum
490 386 737 451 audacia
763 385 1150 467 reprimebat,
1197 385 1450 449 alterum
1481 393 1861 448 cunctantem
1904 394 1965 448 et
1992 388 2162 466 quasi
2190 405 2480 449 verecun-

239 471 480 533 dantem
508 471 812 533 Incitabat.
899 472 1107 551 Neque
1136 488 1239 533 eos
1268 470 1494 533 similes
1536 471 1734 532 effecit
1771 473 1931 532 inter
1974 489 2058 542 se,
2099 471 2203 532 sed
2245 478 2477 535 tantum

238 555 412 619 alteri
440 556 701 627 adfinxit,
734 555 809 617 de
837 555 1027 617 altero
1055 554 1296 628 limavit,
1327 565 1394 616 ut
1413 554 1476 615 id
1501 554 1908 618 conformaret
1927 556 1993 616 in
2015 563 2286 635 utroque,
2317 555 2479 635 quod

238 642 550 720 utriusque
579 648 791 705 natura
820 646 1147 719 pateretur.

407 725 568 787 Haec
598 743 670 786 eo
709 724 859 787 mihi
897 723 1297 804 praedicenda
1337 723 1600 795 fuerunt,
1653 730 1739 795 ut,
1791 725 1843 784 si
1872 742 1997 786 non
2036 726 2252 794 omnia,
2307 743 2459 804 quae
2482 723 2651 797 1037

234 817 754 889 praeponerentur
783 826 819 869 a
844 826 964 879 me,
994 808 1071 869 ad
1101 809 1369 870 omnium
1397 815 1662 871 vestrum
1690 808 1949 871 studium
1981 816 2042 870 et
2070 808 2143 870 ad
2175 827 2364 887 genus
2393 809 2476 879 id.

235 893 396 974 quod
425 894 677 973 quisque
706 899 965 955 vestrum
994 895 1061 954 in
1088 892 1328 955 dicendi
1354 892 1659 972 probaret,
1690 892 2205 964 adhaerescerent,
2236 893 2297 955 id
2323 912 2358 955 a
2379 911 2478 957 me

235 995 428 1058 genus
456 979 710 1057 exprimi
737 978 1059 1047 sentiretis,
1086 977 1249 1057 quod
1274 978 1535 1041 maxime
1563 977 1856 1057 mihiipsi
1882 976 2261 1056 probaretur.

405 1062 567 1140 Ergo
594 1062 743 1123 haec
774 1069 834 1123 et
863 1060 1092 1139 agenda
1134 1067 1274 1123 sunt
1311 1061 1386 1124 ab
1427 1069 1686 1133 oratore,
1738 1079 1891 1141 quae
1938 1061 2252 1141 explicavit
2291 1064 2479 1125 Anto·-

235 1147 390 1221 nius‚
434 1153 495 1207 et
523 1145 778 1207 dicenda
805 1145 1062 1225 quodam
1093 1145 1291 1207 modo.
1380 1145 1637 1216 Quinam
1665 1146 1849 1225 igitur
1878 1146 2118 1207 dicendi
2146 1154 2238 1208 est
2264 1146 2479 1209 modus

234 1229 450 1292 melior
494 1229 651 1310 (nam
699 1230 774 1291 de
816 1232 1049 1291 actione
1087 1238 1226 1309 post
1261 1229 1508 1310 videro),
1562 1249 1741 1309 quam
1781 1237 1849 1292 ut
1888 1230 2114 1301 Latine,
2166 1239 2234 1294 ut
2277 1230 2478 1311 plane,

231 1322 302 1376 ut
328 1322 559 1385 ornate,
609 1322 678 1377 ut
706 1313 782 1375 ad
807 1314 888 1386 id,
932 1314 1351 1394 quodcumque
1381 1322 1608 1393 agetur,
1659 1321 1796 1394 apte
1825 1322 2346 1395 congruenterque
2386 1316 2477 1376 di-

234 1399 473 1461 camus?
1483 1426 1504 1439 ·

402 1486 594 1563 Atque
639 1501 849 1546 eorum
892 1482 1150 1563 quidem,
1205 1501 1357 1562 quae
1407 1481 1526 1543 duo
1571 1483 1764 1562 prima
1815 1481 1955 1552 dixi,
2007 1485 2298 1547 rationem
2352 1502 2478 1549 non
2518 1497 2595 1551 38

234 1566 497 1629 arbitror
527 1569 862 1647 exspectari
901 1585 936 1629 a
963 1586 1061 1629 me
1090 1568 1230 1646 puri
1258 1566 1620 1646 dilucidique
1662 1568 1975 1629 sermonis.
2064 1567 2269 1648 Neque
2314 1571 2474 1633 enim

234 1669 524 1713 conamur
552 1652 770 1714 docere
801 1670 940 1713 eum
969 1651 1190 1723 dicere,
1234 1655 1338 1731 qui
1376 1649 1543 1730 loqui
1586 1652 1844 1718 nesciat;
1897 1669 2010 1712 nec
2055 1669 2319 1731 sperare,
2372 1655 2476 1733 qui

230 1736 441 1798 Latine
483 1755 607 1798 non
642 1737 849 1815 possit,
896 1736 1057 1796 hunc
1098 1743 1310 1797 ornate
1350 1753 1483 1797 esse
1525 1735 1853 1807 dicturum;
1908 1753 2102 1815 neque
2146 1755 2317 1805 vero,
2371 1739 2476 1816 qui

232 1838 354 1882 non
387 1819 544 1880 dicat
572 1820 732 1900 quod
759 1819 1192 1898 intellegamus
1238 1820 1399 1880 hunc
1430 1837 1606 1898 posse
1634 1819 1794 1899 quod
1836 1819 2204 1882 admiremur
2246 1821 2468 1882 dicere.

230 1904 598 1983 Linquamus
636 1905 820 1982 igitur
863 1904 1031 1974 haec,
1074 1921 1225 1983 quae
1268 1905 1670 1982 cognitionem
1710 1904 1936 1965 babent
1976 1903 2243 1977 facilem,
2297 1924 2472 1969 usum

232 1989 659 2050 necessarium.
745 1988 896 2048 Nam
938 1985 1191 2049 alterum
1237 1988 1491 2049 traditur
1532 1988 1747 2049 litteris
1786 1989 2175 2069 doctrinaque
2215 1990 2472 2069 puerili:

232 2072 486 2133 alterum
533 2071 852 2133 adhibetur
889 2070 968 2132 ob
1013 2090 1144 2134 eam
1186 2089 1444 2143 causam,
1495 2080 1562 2134 ut
1610 2071 1991 2152 intellegatur
2037 2074 2179 2154 quid
2221 2076 2472 2155 quisque

231 2156 408 2226 dicat,
441 2157 597 2237 quod
631 2156 896 2218 videmus
922 2157 1002 2218 ita
1036 2174 1166 2219 esse
1198 2160 1618 2230 necessarium,
1660 2164 1729 2220 ut
1758 2165 1957 2219 tamen
1988 2177 2059 2221 eo
2089 2160 2289 2219 minus
2319 2157 2471 2223 nihil

229 2259 361 2302 esse
388 2243 596 2321 possit.

402 2326 520 2388 Sed
560 2328 754 2389 omnis
796 2324 1080 2409 loquendi
1122 2325 1445 2406 elegantia,
1489 2343 1846 2408 quamquam
1889 2326 2184 2406 expolitur
2224 2328 2470 2391 scientia
2513 2341 2587 2396 39

298 2525 413 2579 Die
446 2529 682 2579 beiden
707 2537 927 2578 ersten
951 2528 1296 2579 Erforder·

231 2596 408 2646 nisse
433 2598 472 2645 Α
524 2598 636 2646 der
669 2597 886 2647 elocutio
918 2596 1065 2646 sind
1103 2594 1157 2662 l)
1184 2597 1299 2646 das
1398 2529 1652 2592 Sewissen
1692 2527 2024 2578 stilistischen
2065 2529 2474 2597 (isthetischen)

1399 2595 1671 2647 Gesetzen.
1705 2595 1847 2646 Brut.
1874 2595 1958 2657 40,
1984 2604 2060 2647 140
2084 2598 2176 2647 sed
2201 2612 2380 2649 vereor
2402 2613 2474 2650 ne

226 2665 472 2781 Ιαθὺιιειιιι.
506 2664 569 2727 2)
602 2665 712 2714 das
742 2666 900 2728 plane
932 2664 1108 2714 dicere
1141 2679 1187 2713 c.
1218 2661 1297 2725 10,

227 2740 346 2783 37-
417 2767 433 2793 ,
459 2741 529 2782 52.

301 2798 381 2858 10,
405 2807 475 2850 37.
508 2804 960 2864 praeponerentur
977 2824 1042 2834 —
1064 2797 1160 2846 wie
1183 2796 1301 2847 her·

228 2866 361 2917 nach
384 2869 624 2931 probaret
646 2880 764 2915 vom
788 2866 975 2916 modus
995 2865 1087 2915 des
1107 2864 1299 2915 Condi-

228 2933 561 2986 tionalsatzes
577 2933 1001 2985 adhaerescerent
1018 2932 1296 2983 attrabiert.

296 3002 753 3065 adhaerescerent,
825 2999 937 3052 sich
1002 3001 1297 3066 vereinigen

228 3069 397 3122 sollte.

296 3137 468 3202 Eryo,
495 3133 526 3203 S
555 3135 669 3188 148.
707 3138 754 3187 11
777 3134 861 3195 82,
885 3144 983 3187 834.

296 3207 501 3270 agenda
539 3232 606 3243 —
645 3211 699 3256 et
730 3206 952 3256 dicenda
990 3230 1056 3240 —
1096 3202 1299 3269 agenda

227 3272 365 3324 steht
398 3286 556 3323 voran
589 3273 699 3321 und
732 3272 950 3321 dicenda
983 3272 1055 3320 im
1084 3271 1298 3320 zweiten

227 3339 396 3398 Glied,
421 3340 577 3389 sowol
604 3338 715 3388 weil
733 3339 817 3388 die
838 3338 973 3388 actio
998 3338 1082 3387 die
1099 3338 1299 3404 Haupt·

227 3406 384 3459 sache
419 3407 512 3465 ist,
554 3406 630 3455 als
663 3406 777 3456 weil
813 3404 1060 3455 :unachst
1080 3419 1182 3455 von
1206 3406 1299 3455 der

228 3475 450 3525 elocutio
469 3474 552 3523 die
570 3473 711 3523 Rede
735 3473 844 3523 sein
865 3471 990 3533 soll;
1015 3471 1299 3538 (dasGlied

226 3545 376 3604 aber,
410 3556 511 3592 von
537 3541 653 3591 dem
679 3546 852 3591 zuerst
874 3539 1149 3605 gehandelt,
1171 3554 1299 3589 wer·

229 3611 330 3662 den
354 3609 470 3670 soll,
495 3610 655 3675 pssegt
678 3609 757 3660 bei
775 3610 867 3660 der
883 3607 1181 3672 Aufziilung
1203 3623 1295 3658 zu·

227 3679 353 3728 letzt
376 3687 575 3742 gesetzt
599 3693 666 3730 zu
686 3676 907 3734 werden,
933 3676 1093 3726 demit
1110 3690 1167 3725 es
1186 3673 1297 3726 sich

229 3760 291 3797 so
315 3746 407 3797 der
422 3744 762 3810 Ausffihrung
783 3744 915 3795 auch
939 3741 1189 3795 raumlich
1211 3756 1295 3792 am

229 3812 479 3865 nfichsten
503 3812 862 3876 anschliesse).

299 3897 431 3947 quae
453 3882 809 3946 eoeplicam‘t—
822 3881 989 3930 seiner
1006 3876 1296 3929 stofl'lichen

231 3948 372 3999 Seite
406 3949 539 3999 nach
569 3949 623 3998 in
658 3948 751 3997 der
771 3946 934 3997 Lehre
957 3961 1059 3997 von
1095 3947 1187 3996 der
1210 3945 1291 3995 in-

230 4017 425 4076 ventio,
451 4016 723 4081 dispositio
747 4015 852 4066 und
876 4015 1138 4064 memoria.

297 4086 517 4150 quodam
535 4085 686 4135 nodo
704 4108 767 4117 —
788 4081 1181 4133 nacbdriicklich
1201 4095 1296 4132 ans

228 4152 376 4203 Ende
419 4152 626 4217 gestellt
668 4150 732 4215 (ξ
779 4148 893 4201 169.
943 4147 1097 4214 184);
1157 4148 1299 4200 nicht

225 4219 387 4271 form-
422 4220 533 4271 und
566 4218 851 4285 gesetzlos,
899 4217 1121 4269 scudem
1168 4215 1300 4268 nach

1400 2662 1527 2726 fingi
1550 2663 1819 2712 videantur
1840 2661 1984 2724 haec,
2012 2674 2065 2714 ut
2082 2664 2322 2716 dicantur
2338 2679 2369 2714 a
2385 2680 2475 2716 me

1401 2730 1625 2793 quodam
1658 2730 1809 2780 modo
1852 2728 1929 2794 (d.
1957 2730 2006 2782 h.
2043 2731 2097 2782 in
2132 2733 2273 2783 einer
2303 2735 2470 2798 geist-

1401 2796 1606 2847 reiehen
1631 2798 1798 2857 Form,
1827 2813 1914 2847 um
1940 2799 2088 2849 einen
2113 2799 2339 2851 schonen
2365 2801 2472 2853 Ge-

1398 2873 1614 2930 gensatz
1631 2866 2002 2930 anzubringen,
2024 2867 2242 2918 niimlich
2263 2869 2475 2934 elegan-

1398 2934 1527 2983 tium
1562 2933 1896 2998 parcissimus
1928 2935 2034 2984 und
2068 2950 2335 3000 parcorum
2360 2937 2469 2987 ele-

1398 2998 1785 3066 gantissimus),
1811 3016 1894 3052 res
1919 3011 2087 3051 tamen
2112 3004 2189 3052 sic
2212 3018 2269 3053 se
2292 3003 2473 3060 habet.

1465 3070 1670 3127 videro,
1695 3067 1905 3120 Schultz
1930 3067 1962 3135 S
1986 3067 2087 3121 325
2111 3073 2174 3121 A.
2198 3070 2250 3123 3.

1465 3144 1535 3187 38.
1558 3137 1733 3187 dicere
1757 3135 1983 3200 (reden),
2007 3140 2148 3203 loqui
2168 3136 2472 3204 (sprechen,

1400 3203 1450 3253 d.
1479 3202 1532 3257 b.
1558 3202 1761 3253 einfach
1784 3206 1925 3253 seiue
1949 3204 2230 3256 Gedauken
2255 3206 2466 3272 sprach·

1397 3270 1500 3320 lich
1518 3271 1883 3332 ausdriicken),
1895 3273 1989 3322 wie
1999 3271 2083 3323 Or.
2095 3271 2180 3332 32,
2194 3282 2269 3324 113
2288 3289 2472 3336 quam·

1399 3352 1554 3402 quam
1577 3337 1721 3388 aliud
1744 3338 1947 3390 videtur
1977 3352 2095 3388 esse
2130 3341 2290 3390 oratio
2325 3340 2469 3391 aliud

1400 3405 1683 3471 disputatio
1696 3443 1711 3468 ,
1746 3420 1840 3456 nec
1863 3406 2002 3455 idem
2024 3405 2164 3467 loqui
2188 3422 2305 3458 esse
2328 3407 2472 3469 qnod

1399 3473 1568 3523 dicere
1586 3498 1669 3534 —·,
1695 3473 1991 3538 disputandi
2009 3474 2140 3523 ratio
2159 3488 2209 3523 et
2224 3473 2472 3538 loquendi

1399 3540 1781 3591 dialecticorum
1803 3540 1887 3598 sit,
1912 3550 2163 3591 oratorum
2190 3550 2360 3592 autem
2385 3542 2469 3593 di-

1400 3609 1550 3658 cendi
1585 3615 1636 3656 et
1668 3608 1847 3658 orandi
1871 3608 2012 3658 Brut.
2038 3605 2121 3669 58,
2145 3618 2244 3660 212.
2280 3611 2476 3662 meere}

1397 3677 1734 3740 doctr-mque
1753 3677 1968 3740 puerili,
2006 3676 2075 3724 im
2107 3676 2467 3743 spracblichen

1396 3744 1981 3794 Elementsrunterricbt.
2019 3744 2041 3792 1
2073 3742 2123 3804 6,
2145 3754 2220 3796 23.

1465 3819 1534 3861 39.
1560 3810 1670 3861 Sed
1684 3835 1749 3846 -
1770 3811 1930 3862 damit
1950 3809 2075 3876 geht
2092 3812 2309 3863 Crassus
2332 3808 2466 3862 doch

1398 3878 1491 3929 aul*
1506 3878 1672 3943 einige
1680 3878 2033 3929 Vorschril'ten
2048 3880 2176 3929 fiber
2193 3879 2287 3930 das
2310 3879 2473 3929 latine

1398 3947 1568 3997 dicere
1590 3947 1691 4005 ein,
1717 3946 1801 3996 die
1823 3947 1951 3996 iiber
1967 3947 2065 3996 den
2080 3947 2468 3997 Elementarun·

1397 4012 1606 4065 terricht
1619 4011 2006 4064 hinausreichen
2027 4015 2198 4065 malso
2207 4014 2318 4064 hier
2334 4012 2472 4064 noch

1398 4080 1607 4132 beriihrt
1627 4082 1834 4132 werden
1857 4082 2063 4133 konnen
2087 4078 2147 4149 (S
2171 4080 2421 4144 ἔνθ-48).

1469 4151 1712 4215 loquendi
1740 4151 1998 4215 elegantia
2038 4174 2109 4186 -
2150 4164 2229 4200 wo
2264 4165 2321 4200 es
2354 4148 2468 4201 sich

1400 4217 1513 4267 also
1546 4216 1685 4267 nicht
1716 4217 1859 4269 bloss
1891 4232 1979 4268 um
2004 4218 2351 4284 Vermeidung
2376 4217 2478 4268 det
