2930 4693
411 177 542 240 214
995 169 1094 232 DE
1122 170 1480 236 ORATORE
1514 170 1571 232 11
1614 169 1717 233 85.
1756 175 2064 231 342-345.

411 340 696 411 bendum,
740 339 908 402 velut
921 339 993 411 Q.
1026 338 1330 401 Tuberoni
1356 338 1701 401 Africanum
1731 336 2085 400 avunculum
2115 336 2380 402 laudanti
2407 339 2652 419 scripsit

415 425 480 488 C.
507 422 762 495 Laelius,
804 423 899 484 vel
935 432 1002 484 ut
1043 430 1279 486 nosmet
1315 424 1430 503 ipsi
1471 423 1724 485 ornandi
1754 440 1930 484 causa
1961 423 2325 484 Graecorum
2364 440 2552 494 more,
2597 424 2650 483 si

411 527 564 588 quos
589 507 852 578 velimus,
895 507 1138 569 laudare
1177 508 1489 587 possimus,
1542 509 1620 568 sit
1658 526 1692 568 a
1735 506 1907 568 nobis
1945 525 2183 587 quoque
2222 514 2509 572 tractatus
2547 507 2646 568 bic

413 592 597 654 locus.

269 690 374 742 342
584 677 968 755 Perspicuum
1000 682 1092 736 est
1116 677 1298 753 igitur
1328 674 1441 736 alia
1472 693 1602 737 esse
1644 676 1708 736 in
1752 674 1994 736 homine
2034 675 2310 755 optanda,
2362 673 2478 735 alia
2518 673 2645 738 lau·

414 760 625 824 danda.
690 761 909 830 Genus,
941 760 1152 829 forma,
1183 761 1353 830 vires,
1386 778 1549 839 opes,
1581 759 1816 820 divitiae
1847 767 2180 839 ceteraque,
2222 777 2375 840 quae
2404 759 2643 820 fortuna

412 844 515 906 dat
543 851 645 906 aut
673 846 1042 907 extrinsecus
1082 852 1182 905 aut
1211 845 1469 923 corpori,
1513 861 1631 905 non
1654 843 1897 905 *habent
1933 843 2000 903 in
2039 862 2103 904 se
2147 861 2347 906 veram
2389 841 2643 913 laudem,

411 946 564 1009 quae
603 927 811 990 deberi
852 929 1052 989 virtuti
1092 929 1195 988 uni
1238 935 1509 1007 putatur:
1562 927 1666 989 sed
1718 937 1935 998 tamen,
1989 927 2147 1007 quod
2184 928 2313 1006 ipsa
2355 928 2540 988 virtus
2580 927 2645 987 in

412 1031 620 1073 earum
660 1031 864 1074 rerum
895 1030 1004 1072 usu
1047 1030 1116 1072 ac
1160 1012 1567 1074 moderatione
1607 1012 1864 1073 maxime
1904 1013 2186 1082 cernitur,
2233 1010 2539 1072 tractanda
2580 1010 2646 1070 in

410 1096 849 1159 laudationibus
876 1097 1052 1158 etiam
1084 1095 1232 1156 haec
1260 1103 1401 1157 sunt
1427 1105 1675 1158 naturae
1705 1102 1766 1157 et
1792 1095 2066 1157 fortunae
2095 1094 2279 1165 bona;
2320 1096 2386 1155 in
2429 1094 2646 1174 quibus

412 1188 505 1242 est
533 1190 763 1242 summa
792 1179 949 1241 laus:
994 1198 1116 1240 non
1145 1178 1424 1242 extulisse
1452 1199 1519 1241 se
1546 1180 1607 1241 in
1639 1186 1956 1258 potestate,
2000 1197 2121 1241 non
2164 1179 2343 1242 fuisse
2382 1176 2643 1239 insolen-

410 1273 536 1326 tem
563 1266 628 1325 in
656 1265 929 1344 pecunia,
961 1281 1082 1324 non
1111 1282 1177 1325 se
1204 1263 1556 1344 praetulisse
1598 1264 1728 1325 aliis
1766 1271 2013 1343 propter
2053 1262 2476 1324 abundantiam
2517 1261 2643 1323 for-

411 1356 609 1420 tunae,
653 1355 719 1409 ut
747 1366 891 1428 opes
933 1355 992 1409 et
1020 1349 1225 1427 copiae
1266 1366 1388 1411 non
1428 1347 1744 1429 superbiae
1784 1348 2092 1410 videantur
2133 1366 2201 1408 ac
2243 1346 2495 1416 libidini,
2537 1346 2643 1407 sed

266 1447 373 1502 343
410 1432 662 1494 bonitati
709 1451 779 1493 ac
827 1432 1220 1493 moderationi
1258 1431 1596 1494 facultatem
1639 1439 1719 1493 et·
1749 1433 2055 1494 materiam
2105 1431 2359 1492 dedisse.
2447 1431 2645 1492 Virtus

412 1524 631 1587 autem,
684 1535 838 1597 quae
878 1526 969 1578 est
1006 1534 1118 1596 per
1158 1534 1222 1576 se
1270 1518 1400 1595 ipsa
1442 1514 1758 1578 laudabilis
1797 1524 1857 1577 et
1897 1517 2026 1577 sine
2066 1534 2182 1596 qua
2226 1514 2373 1575 nibil
2412 1514 2645 1576 laudari

410 1608 623 1681 potest,
654 1608 851 1663 tamen
883 1600 1062 1661 habet
1091 1599 1291 1679 plures
1348 1609 1581 1681 partes,
1633 1619 1883 1679 quarum
1926 1599 2039 1660 alia
2080 1607 2172 1662 est
2233 1598 2347 1660 alia
2387 1597 2460 1659 ad
2513 1597 2642 1660 lau·

414 1686 711 1747 dationem
757 1686 971 1765 aptior.
1076 1686 1228 1746 Sunt
1286 1686 1444 1746 enim
1499 1684 1648 1746 aliae
1693 1686 1967 1755 virtutes,
2044 1701 2196 1764 quae
2251 1683 2528 1743 videntur
2580 1683 2642 1742 in

409 1768 678 1830 moribus
727 1769 1035 1830 hominum
1087 1777 1146 1828 et
1196 1769 1449 1848 quadam
1502 1770 1775 1830 comitate
1826 1786 1895 1828 ac
1944 1766 2333 1829 beneficentia
2384 1768 2639 1845 positae;

412 1852 579 1923 aliae,
631 1871 782 1932 quae
825 1853 888 1910 in
931 1853 1155 1931 ingenii
1199 1851 1395 1932 aliqua
1439 1852 1716 1914 facultate
1761 1858 1862 1914 aut
1904 1852 2085 1914 animi
2123 1850 2530 1930 magnitudine
2573 1868 2642 1911 ac

411 1935 651 1997 robore.
714 1936 862 1997 Nam
885 1935 1213 2006 clementia,
1244 1938 1482 2007 iustitia,
1514 1936 1864 2016 benignitas,
1895 1935 2060 2006 fides,
2092 1935 2374 1997 fortitudo
2398 1937 2463 1995 in
2485 1936 2641 2014 peri-

266 2034 375 2087 344
415 2019 563 2081 culis
593 2017 1005 2079 communibus
1034 2020 1288 2080 iucunda
1320 2028 1410 2082 est
1438 2022 1639 2082 auditu
1669 2023 1731 2081 in
1760 2019 2220 2089 laudationibus:
2254 2038 2462 2082 omnes
2485 2019 2643 2079 enim

413 2105 528 2166 hae
558 2105 803 2165 virtutes
832 2119 952 2162 non
985 2111 1102 2164 tam
1133 2106 1293 2184 ipsiS,
1337 2106 1439 2185 qui
1470 2123 1570 2165 eas
1599 2104 1839 2176 habent,
1881 2122 2056 2185 quam
2087 2105 2293 2183 generi
2334 2103 2643 2165 hominum

410 2188 749 2249 fructuosae
799 2196 1101 2267 putantur.
1191 2189 1489 2268 Sapientia
1531 2196 1590 2249 et
1630 2189 1974 2268 magnitudo
2021 2189 2228 2259 animi,
2274 2207 2389 2268 qua
2438 2204 2643 2248 omnes

323 2289 328 2294 ·
411 2290 511 2333 res
539 2271 834 2333 humanae
865 2280 1074 2332 tenues
1105 2290 1172 2332 ac
1200 2291 1312 2352 pro
1343 2272 1530 2333 nihilo
1572 2282 1882 2353 putantur,
1928 2281 1989 2334 et
2024 2274 2084 2332 in
2128 2271 2517 2351 excogitando
2557 2272 2642 2330 vis

410 2357 699 2438 quaedam
742 2358 968 2434 ingenii
995 2366 1053 2418 et
1079 2359 1208 2437 ipsa
1240 2357 1575 2438 eloquentia
1604 2359 2009 2419 admirationis
2047 2355 2227 2418 habet
2268 2373 2387 2417 non
2430 2359 2641 2426 minus,

408 2441 799 2502 iucunditatis
813 2442 1038 2512 minus;
1070 2443 1230 2522 ipsos
1255 2445 1414 2503 enim
1439 2444 1629 2521 magis
1650 2442 1897 2512 videtur,
1930 2460 2079 2522 quos
2107 2439 2433 2512 laudamuS,
2465 2458 2640 2520 quam

409 2524 560 2597 illos,
594 2525 747 2606 apud
779 2545 929 2606 quos
954 2525 1279 2597 laudamuS,
1317 2544 1533 2588 ornare
1563 2546 1632 2587 ac
1662 2528 1835 2587 tueri.
1880 2526 1997 2588 Sed
2026 2534 2225 2586 tamen
2254 2527 2318 2585 in
2347 2524 2638 2586 laudando

407 2610 708 2690 iungenda
732 2617 870 2671 sunt
892 2611 1067 2673 etiam
1091 2612 1240 2671 haec
1304 2629 1485 2671 enera
1502 2613 1803 2672 virtutum.
1824 2611 2049 2672 Ferunt
2073 2611 2231 2670 enim
2255 2628 2430 2670 aures
2451 2609 2640 2670 homi-

410 2714 572 2765 num,
598 2694 872 2765 cumina,
898 2697 1255 2775 quaeiucun
1300 2714 1333 2755 a
1365 2703 1423 2755 et
1454 2704 1640 2774 grata,
1676 2704 1798 2756 tum
1824 2696 2001 2755 etiam
2022 2692 2142 2764 illa,
2175 2712 2326 2775 quae
2349 2691 2638 2754 mirabilia

236 2776 589 2850 85345sunt
609 2781 671 2838 in
694 2780 926 2849 virtute,
952 2779 1198 2840 laudari.
1230 2779 1306 2840 Et
1325 2781 1606 2859 quoniam
1630 2778 1993 2859 singularum
2016 2780 2299 2839 virtutum
2322 2785 2462 2839 sunt
2480 2784 2641 2839 certa

410 2862 701 2944 quaedem
723 2862 915 2922 officia
937 2881 1005 2922 ac
1029 2880 1276 2924 munera
1297 2872 1355 2924 et
1378 2882 1484 2924 sua
1508 2864 1719 2945 cuique
1735 2865 1936 2924 virtuti
1958 2861 2085 2924 laus
2106 2863 2348 2942 propria
2372 2861 2636 2931 debetur,

411 2947 528 3007 erit
557 2945 968 3025 explicandum
999 2947 1061 3006 in
1092 2946 1265 3007 laude
1293 2949 1567 3018 iustitiae,
1599 2948 1740 3027 quid
1771 2965 1905 3008 cum
1935 2947 2070 3017 fide,
2103 2945 2247 3026 quid
2268 2964 2403 3007 cum
2427 2964 2639 3025 aequa-

407 3029 655 3100 bilitate,
688 3029 829 3110 quid
860 3047 995 3090 cum
1026 3030 1314 3091 eiusmodi
1343 3031 1539 3112 aliquo
1569 3032 1764 3092 officio
1793 3033 1862 3102 is,
1895 3033 1997 3112 qui
2025 3029 2378 3102 laudabitur,
2410 3030 2636 3091 fecerit.

477 3284 712 3332 laudanti
732 3308 794 3319 ·—-
823 3283 902 3333 bei
937 3281 1140 3349 Scipios
1163 3282 1475 3335 Leiehenbe·
1577 3274 1695 3334 ἐστι
1732 3274 1794 3333 τὸ
1828 3273 2033 3347 καλόν,
2083 3271 2308 3363 ἀνάγκη
2343 3273 2450 3347 τὴν
2483 3273 2636 3348 ἄρε-

407 3352 649 3417 gfingnis.
1578 3343 1703 3415 τὴν
1726 3341 1906 3401 καλὸν
1942 3345 2121 3401 εἶναι·
2172 3341 2407 3414 αγαθόν
2439 3341 2547 3415 ’γὰρ
2570 3339 2638 3401 ὃν

475 3421 555 3475 vel
584 3424 665 3480 ut,
703 3418 794 3468 das
830 3418 981 3468 dritte
1004 3417 1157 3467 Motiv
1208 3417 1473 3481 (quoniam
1579 3409 1878 3470 ἐπαινετόν
1903 3408 2072 3468 ἐστιν.
2112 3415 2234 3468 Sall.
2262 3415 2372 3467 Cat.
2403 3417 2447 3480 l,
2474 3426 2499 3466 4
2524 3431 2641 3467 nam

404 3487 651 3536 utendum
677 3500 780 3535 war
803 3486 894 3535 das
920 3496 1070 3545 erste,
1095 3500 1476 3548 nonnumquam
1576 3485 1865 3535 divitiarum
1901 3493 1950 3533 et
1982 3484 2175 3534 formae
2196 3484 2368 3549 ‚gloria
2402 3484 2539 3535 fluxa
2561 3494 2638 3534 at-

408 3554 558 3603 etiam
583 3565 680 3605 scr.
708 3552 801 3602 das
828 3550 1051 3616 zweite).
1164 3614 1168 3619 .
1578 3569 1676 3614 que
1699 3553 1894 3618 fragilis
1920 3564 2024 3601 est:
2063 3552 2223 3601 virtus
2249 3552 2383 3600 clara
2407 3563 2638 3602 aeterna-

474 3628 567 3670 342.
600 3621 772 3685 iyicur,
796 3619 1096 3686 Uebergang
1122 3636 1212 3670 zur
1240 3621 1472 3670 tractatio
1576 3636 1675 3683 que
1699 3620 1929 3672 liabetur.

407 3688 499 3738 des
523 3703 689 3752 genus
715 3685 1187 3741 demonstrativum.
1597 3744 1611 3765 9
1641 3696 1846 3753 parles,
1882 3687 2037 3736 Arist.
2064 3685 2209 3736 Rhet.
2235 3686 2359 3737 ibid.
2393 3680 2536 3753 μέρη
2572 3679 2636 3736 δὲ

474 3757 578 3806 alia
602 3756 832 3820 optanda
849 3757 952 3804 alia
968 3758 1245 3813 laudanda,
1272 3752 1471 3820 Gegen·
1575 3753 1782 3821 αρετῆς
1830 3744 2197 3818 δικαιοσύνη,
2246 3743 2485 3819 ἀνδρία,
2535 3766 2638 3804 σω-

406 3833 516 3872 satz
561 3823 652 3872 des
694 3820 870 3871 relativ
916 3822 1021 3871 und
1054 3823 1256 3872 absolut
1287 3820 1470 3874 Guten.
1577 3815 1864 3889 φροσύνη,
1889 3815 2371 3898 μεγαλοπρέπεια,
2395 3821 2641 3887 μεγαλο-

403 3890 650 3952 fortunae
675 3888 836 3946 bona,
861 3889 895 3949 S
919 3889 985 3938 45
1010 3890 1046 3938 f.
1572 3889 1788 3971 ιψυχιά,
1861 3880 2291 3953 ἐλευθεριοτης,
2363 3879 2639 3953 πραότης,

474 3965 568 4007 343.
613 3957 806 4015 Virtus,
832 3956 987 4006 Arist.
1013 3956 1160 4006 Rhet.
1186 3957 1207 4004 Ι
1230 3955 1264 4007 9
1291 3948 1470 4008 καλὸν
1574 3971 1877 4023 φρονησις,
1913 3955 2122 4020 σοφία,
2159 3947 2384 4022 ἀνάγκη
2421 3950 2487 4007 δὲ
2521 3970 2641 4019 με·

406 4017 513 4098 μὲν
538 4009 643 4074 οὖν
668 4015 822 4076 ἐστὶν
845 4011 876 4073 3
902 4010 975 4074 ἂν
1000 4015 1083 4074 δι’
1110 4013 1278 4075 αὐτὸ
1312 4019 1470 4090 αἶρε-
1571 4025 1820 4104 κίστας
1855 4017 2012 4076 εἶναι
2045 4014 2302 4088 ἀρετὰς
2334 4015 2456 4084 τὰς
2487 4027 2638 4082 τοῖς

407 4078 918 4168 ξονεόηέζεοξινετόν
936 4077 991 4154 ᾖ,
1016 4083 1055 4156 ἢ
1079 4079 1111 4142 ὃ
1134 4079 1211 4142 o'e'v
1234 4083 1468 4156 α’γαθόν
1572 4093 1807 4151 allone
1856 4081 2416 4173 χρησιμωτάτας,
2477 4088 2639 4169 εἴπερ

406 4171 475 4206 ον
498 4153 612 4219 miv
636 4173 672 4219 ῃ
706 4172 795 4207 οτι
828 4149 1089 4221 α’γαθόν·
1131 4154 1186 4210 εἰ
1208 4152 1273 4208 δὲ
1299 4151 1467 4209 τοῦτό
1569 4154 1724 4213 ἐστὶν
1746 4150 1784 4224 ἡ
1808 4152 1982 4225 oio-svn
2017 4152 2262 4224 δύναμις
2296 4152 2640 4225 adsensun.
