2930 4693
364 156 541 230 '²40

1004 157 1115 221 DE
1152 156 1512 221 ORATORB
1551 158 1632 221 111
1679 156 1780 220 12.
1822 164 2066 219 ῶ-47.

411 329 565 411 pria,
596 324 1254 407 inquanihiloffendi,
1285 325 1799 407 nihildisplicere,
1841 325 2657 406 nihilanimadvertipossm·

416 412 568 477 nihil
595 429 812 473 sonare
850 419 953 473 aut
980 409 1149 472 olere
1186 412 1603 491 peregrinum,
1653 411 1810 473 hanc
1851 428 2174 491 sequamur
2223 428 2419 490 neque
2461 409 2654 472 solmn

416 499 703 560 rusticam
753 496 1161 576 asperitatem,
1212 495 1319 557 sed
1362 497 1543 557 etiam
1591 497 1977 576 peregrinam
2021 493 2402 556 insolentiam
2443 495 2656 573 fugere

306 592 379 647 45
422 581 739 645 discamus.
827 579 1119 660 Equidem
1163 598 1299 642 cum
1343 579 1520 642 audio
1570 598 1810 642 socrum
1848 597 2046 642 meam
2085 578 2351 641 Laeliam
2402 578 2662 655 (facilius

304 1945 379 1995 47

420 668 583 729 enim
611 663 895 727 mulieres
922 666 1334 744 incorruptam
1366 666 1779 745 antiquitatem
1821 671 2193 735 conservant,
2232 663 2396 744 quod
2435 663 2656 725 multo-

416 768 555 815 rum
584 750 879 811 sermonis
908 756 1186 828 expertes
1216 766 1287 810 ea
1314 756 1524 811 tenent
1550 767 1807 829 semper,
1851 767 2004 829 quae
2040 750 2234 828 prima
2274 747 2658 829 didicerunt),

416 834 526 898 sed
562 852 695 896 eam
741 835 829 895 sic
870 833 1066 903 audio,
1119 841 1187 895 ut
1212 832 1487 896 Plautum
1526 834 1676 895 mihi
1704 842 1806 895 aut
1848 834 2136 895 Naevium
2179 832 2384 894 videar
2423 831 2659 894 audire.

418 921 582 982 Sono
610 920 742 997 ipso
772 918 932 978 vocis
961 918 1041 978 ita
1069 925 1237 979 recto
1266 926 1327 979 et
1354 916 1612 999 simplici
1652 925 1760 988 est,
1804 926 1871 979 nt
1910 916 2062 979 nihil
2099 918 2515 978 ostentationis
2554 923 2666 978 aut

417 1003 767 1067 imitationis
796 1002 1034 1064 adferre
1066 1002 1359 1074 videntum
1403 1021 1479 1065 ex
1505 1021 1625 1083 quo
1666 1004 1753 1065 sic
1780 1001 2045 1064 locutum
2086 1020 2220 1063 esse
2248 1003 2380 1063 eius
2417 1008 2660 1080 patrem

418 1088 637 1158 iudico,
669 1087 755 1147 sic
783 1087 1074 1155 maiorem
1118 1104 1239 1147 non
1270 1105 1483 1166 aspere
1511 1094 1580 1148 ut
1604 1086 1723 1158 ille,
1754 1105 1931 1167 quem
1962 1087 2104 1158 dixi,
2154 1104 2278 1148 non
2305 1093 2490 1154 vaste,
2533 1103 2662 1146 non

421 1173 665 1241 mistice,
696 1188 818 1232 non
846 1168 1064 1242 hiulce,
1104 1171 1212 1232 sed
1251 1189 1459 1250 presse
1500 1179 1562 1233 et
1600 1170 1990 1252 aequabiliter
2028 1179 2090 1232 et
2130 1170 2367 1232 leniter.
2456 1169 2665 1240 Quare

423 1258 595 1320 Cotta
624 1262 848 1327 noster,
891 1256 1060 1317 euius
1096 1263 1162 1317 tu
1189 1254 1291 1318 illa
1319 1255 1455 1327 lata,
1502 1255 1743 1336 Sulpici,
1787 1273 2237 1335 nonnumquam
2276 1255 2549 1323 imitariS,
2594 1260 2669 1315 ut

420 1341 547 1402 lota
575 1338 833 1401 litteram
864 1338 1036 1401 tollas
1066 1351 1127 1401 et
1154 1340 1202 1401 E
1230 1339 1641 1420 plenissimum
1673 1340 1854 1412 dicas,
1885 1358 2008 1401 non
2035 1340 2184 1401 mihi
2204 1346 2476 1400 oratores
2504 1340 2666 1399 anti·

422 1443 593 1507 quos,
625 1423 731 1485 sed
760 1442 1057 1487 messores
1084 1425 1318 1487 videtur
1344 1427 1589 1487 imitari.

593 1509 705 1571 Hic
734 1526 871 1570 cum
903 1509 1251 1571 adrisisset
1234 1528 1363 1589 ipse
1393 1508 1708 1589 Sulpicius,
1752 1510 1851 1571 Sic
1881 1527 2053 1588 agam
2094 1507 2420 1578 vobiscum,
2464 1508 2672 1586 inquit

423 1588 761 1665 OBASSUS,
801 1602 870 1656 ut
910 1596 1191 1674 quoniam
1219 1613 1318 1655 me
1344 1593 1511 1675 loqui
1540 1593 1823 1665 voluistis,
1868 1592 2090 1673 aliquid
2131 1592 2209 1653 de
2250 1593 2461 1653 vestris
2503 1593 2671 1653 vitiis

422 1678 692 1741 audiatis.

592 1763 833 1825 Utinam
861 1762 1129 1841 quidem!
1171 1764 1364 1842 inquit
1401 1761 1569 1832 ille:
1613 1763 1678 1823 id
1717 1764 1880 1824 enim
1924 1764 2120 1841 ipsum
2151 1760 2436 1831 volumus,
2478 1760 2670 1840 idque

422 1848 475 1908 si
502 1846 739 1916 feceris,
770 1845 975 1916 multa,
1006 1853 1074 1908 ut
1099 1847 1379 1918 arbitror,
1410 1848 1510 1910 hie
1539 1846 1718 1909 hodie
1746 1849 1887 1907 vitia
1914 1864 2227 1927 ponemus

591 1931 667 1992 At
709 1930 869 1991 enim
908 1948 1031 1991 non
1073 1931 1202 1992 sine
1251 1950 1390 1995 meo
1428 1931 1713 2011 periculo,
1767 1928 2085 1993 Cnsssus
2130 1932 2340 2011 inquit,
2393 1948 2665 2008 possum,

423 2013 666 2095 Sulpici,
718 2020 779 2075 te
821 2014 1299 2093 reprehendere,
1351 2019 1633 2096 quoniam
1671 2017 1963 2078 Antonius
2000 2016 2148 2077 mihi
2189 2023 2252 2077 te
2290 2013 2664 2076 simillimum

421 2098 571 2161 dixit
598 2098 713 2160 sihi
738 2097 946 2160 videri.

594 2184 685 2244 Tu
714 2201 873 2255 vero,
905 2183 1100 2264 inq‘uit
1126 2182 1290 2256 ille,
1334 2186 1616 2265 quoniam
1648 2186 1878 2247 monuit
1905 2183 2098 2255 idem,
2153 2190 2222 2246 ut
2261 2202 2361 2253 ea,
2406 2201 2563 2262 quae
2591 2184 2660 2243 in

423 2286 662 2351 quoque
704 2269 961 2330 maxima
1002 2275 1217 2341 essent,
1268 2270 1673 2340 imitaremur;
1727 2288 1802 2331 ex
1842 2287 1960 2350 quo
1999 2286 2214 2329 vereor
2258 2285 2335 2328 ne
2364 2266 2518 2328 nihil
2547 2269 2664 2328 sim

425 2355 512 2416 tui
552 2354 668 2415 nisi
709 2351 1152 2433 supplosionem
1206 2354 1376 2435 pedis
1415 2356 1679 2418 imitatus
1722 2362 1782 2416 et
1824 2373 2012 2435 pauca
2053 2353 2345 2434 quaedam
2387 2352 2573 2414 verba
2603 2358 2672 2414 et

423 2436 703 2520 aliquem,
735 2440 786 2499 si
814 2436 987 2510 forte,
1018 2446 1265 2500 motum.

593 2522 754 2603 Ergo
782 2524 915 2595 ista,
946 2524 1140 2604 inquit
1157 2520 1490 2596 CRASSUS,
1524 2542 1675 2604 quae
1696 2523 1886 2586 hahes
1908 2541 1944 2584 a
1966 2541 2081 2594 me,
2115 2542 2238 2585 non
2255 2521 2670 2602 reprehendo,

494 2741 576 2803 12,
602 2750 672 2792 45.
708 2743 809 2805 ille,
838 2743 870 2804 S
894 2741 967 2794 43
986 2758 1033 2794 a.
1053 2744 1112 2793 Ε.
1146 2760 1336 2809 aspere
1355 2742 1493 2794 steht
1659 2743 1911 2795 vobiscum
1948 2768 2014 2778 —
2057 2742 2258 2793 obwol
2245 2757 2314 2791 im
2340 2741 2672 2806 Augenhliek

424 2810 543 2859 dem
578 2808 787 2871 leniter,
825 2817 969 2860 vaste
1006 2811 1110 2860 und
1143 2814 1362 2868 murice,
1406 2812 1494 2862 dio
1595 2825 1691 2861 nur
1728 2810 1985 2873 Sulpicius
2027 2810 2274 2874 getroffen
2317 2824 2421 2858 war
2467 2806 2529 2874 (3
2552 2808 2668 2871 47),

424 2877 589 2926 breite
658 2846 924 2941 (plumpe)
990 2878 1294 2929 bauerische
1351 2881 1487 2929 Aus-
1592 2880 1715 2928 aber
1731 2894 1821 2928 um
1839 2878 2017 2928 diesen
2032 2880 2481 2942 gewissermassen
2501 2876 2670 2927 durch

422 2941 657 3009 spmche,
681 2944 794 2993 dem
815 2958 1009 3009 presse,
1033 2945 1123 2994 der
1141 2946 1381 3011 knappen
1398 2962 1489 3011 ge-
1594 2946 1677 2996 die
1687 2944 2067 2996 Gemeinschaft
2089 2943 2212 3007 (das
2229 2946 2400 2996 socios
2417 2945 2666 2995 vitiorum

425 3010 683 3071 haltenen,
707 3010 888 3070 hiulce,
909 3011 993 3061 die
1011 3013 1307 3074 stockende,
1330 3013 1492 3064 durch

424 3077 561 3128 viele
622 3078 802 3129 Hiatus
872 3078 1300 3139 unterbrochene‚
1372 3081 1492 3131 dem

426 3145 787 3208 aequabiliter,
818 3146 917 3197 der
941 3143 1020 3209 (in
1044 3148 1212 3197 einem
1237 3148 1371 3200 Guss
1396 3149 1495 3197 da-

426 3210 544 3278 hin)
568 3213 877 3265 ssiessenden
903 3225 1176 3280 entgegen,
1202 3211 1236 3282 3
1261 3213 1377 3266 171.

494 3290 565 3332 40.
607 3281 772 3343 Cotta,
797 3278 829 3348 S
854 3283 941 3333 42.
975 3291 1167 3345 noster,
1195 3285 1272 3336 als
1297 3284 1493 3335 sodalis

430 3348 597 3401 eatuli
633 3351 737 3400 und
770 3351 880 3401 also
914 3351 1006 3400 mit
1042 3367 1102 3401 zu
1142 3352 1233 3403 der
1255 3350 1495 3401 Gemein·

426 3415 593 3468 schaft
613 3417 703 3467 der
719 3417 828 3468 hier
839 3417 1241 3470 Versammelten
1262 3419 1492 3484 gehfirig.

493 3486 586 3534 illa
607 3488 716 3536 lata
737 3512 803 3522 —-
829 3487 929 3537 den
949 3486 1239 3537 erwfihnten
1262 3488 1497 3543 πλατει-

427 3544 635 3616 ασμός,
672 3553 755 3602 die
779 3555 1047 3606 verborum
1070 3555 1313 3613 latitudO,
1338 3556 1384 3605 11
1408 3555 1495 3617 22,

426 3627 497 3669 91.
546 3617 615 3669 So
640 3620 891 3684 spracheu
915 3621 999 3670 die
1021 3621 1220 3672 Bauern
1252 3622 1334 3686 (iu
1359 3622 1496 3673 ihrer

427 3686 603 3753 lingna
625 3686 843 3749 rustica)
865 3703 962 3739 ves
985 3687 1066 3739 fiir
1090 3690 1198 3751 via,
1236 3705 1391 3755 speca
1413 3689 1497 3739 fiir

428 3755 589 3820 spica,
613 3755 774 3803 ameci
798 3754 881 3805 fiir
903 3756 1073 3819 amici,
1099 3757 1230 3807 vella
1252 3758 1335 3808 fur
1352 3757 1493 3807 villa.

426 3822 591 3872 Varro
617 3822 681 3871 de
707 3838 750 3872 r.
773 3838 814 3873 r.
840 3821 971 3886 Ι48,
995 3833 1041 3873 2.

580 3905 609 3941 e
640 3888 920 3955 Sulpicius,
969 3890 1085 3941 dem
1126 3907 1185 3942 es
1219 3893 1347 3943 eben
1387 3893 1497 3957 galt

427 3970 499 4006 ιιιι
560 3957 652 4007 der
684 3957 814 4008 such
839 3958 924 4009 die
947 3957 1257 4025 Richtigkeit
1281 3960 1372 4010 der
1394 3960 1491 4009 Be·-

429 4024 682 4088 merkung
715 4026 883 4075 seines
907 4026 1140 4077 Meisters
1173 4027 1334 4078 selbst
1358 4027 1498 4078 nicht

418 4089 711 4204 fil-soAbOEde
732 4092 913 4143 stelleu
938 4094 1143 4144 konnte.
1193 4094 1384 4159 vgl.11
1407 4093 1492 4157 56,

1592 3012 1802 3078 habere)
1847 3030 1911 3062 zu
1949 3012 2251 3076 beruhigen,
2295 3013 2418 3061 dass
2444 3027 2498 3060 er
2525 3010 2674 3061 nicht

1594 3083 1796 3131 meinen
1815 3080 1978 3136 sollte,
2008 3096 2064 3130 es
2083 3083 2159 3130 sei
2182 3080 2333 3129 allein
2350 3077 2448 3129 anf
2460 3078 2549 3129 ihu
2567 3079 2669 3129 sb·-

1592 3146 2675 3280 εῖῑῑὴξιςείὲὲῑεὲέε33330332

2445 3252 2462 3278 2

1594 3284 1754 3335 demit
1778 3284 1878 3334 ein.

1666 3352 1869 3402 Utinam
1910 3352 2109 3416 quidem
2153 3364 2226 3399 sc.
2277 3350 2354 3399 sic
2395 3350 2671 3400 nobiscum

1594 3433 1738 3484 agas.
1795 3420 1872 3469 At
1894 3419 2049 3475 enirn,
2083 3409 2227 3468 ἀλλὰ
2253 3408 2381 3483 γάρ.
2443 3416 2677 3482 Seyffert.

1596 3485 1706 3537 sch.
1729 3486 1840 3535 Lat.
1866 3501 1918 3551 p.
1948 3484 2047 3536 129
2070 3485 2124 3535 ff.

1661 3562 1732 3603 47.
1766 3556 1930 3613 dimit,
1973 3552 2138 3618 1121,

1669 3689 1745 3739 Tu
1767 3704 1888 3740 vero
1913 3704 1990 3741 se.
2013 3688 2126 3738 siue
2150 3698 2237 3737 tuo
2263 3687 2490 3752 periculo
2515 3695 2672 3752 pote·

1595 3757 1685 3816 ris,
1705 3757 1774 3807 du
1799 3758 2012 3806 kannsts
2030 3763 2224 3820 getrost
2240 3756 2502 3816 riskieren‚
2524 3754 2672 3804 deun

1597 3825 1682 3874 die
1693 3823 2051 3873 Aehnlichkeit
2067 3825 2159 3872 mit
2170 3823 2248 3872 dir
2266 3823 2512 3873 erstreckt
2528 3822 2674 3884 sich,

1596 3890 1780 3942 fiircht'
1806 3891 1916 3951 ich,
1948 3892 2075 3941 eben
2102 3889 2241 3939 nicht
2263 3890 2383 3940 sehr
2404 3891 2539 3939 weit.

1661 3961 1852 4012 monmt
1869 3961 2017 4016 idem,
2046 3959 2091 4008 11
2114 3960 2198 4017 22,
2222 3967 2276 4008 90
2295 3958 2352 4008 ff.
2374 3958 2676 4022 supplosio-

1595 4044 1707 4078 nem
1727 4027 1899 4092 pedis,
1937 4023 1968 4108 3
1991 4025 2113 4077 220.
2162 4029 2184 4077 1
2207 4023 2301 4087 53,
2334 4034 2429 4076 230.
2480 4024 2614 4074 Einl.
2639 4026 2668 4074 1

1598 4091 1629 4160 3
1655 4044 1763 4155 1οῗ
1782 4103 1851 4144 73.
1905 4096 1954 4144 εἰ
1977 4095 2147 4157 forte,
2192 4088 2249 4145 εἰ
2275 4085 2469 4159 τύχοι,
2509 4106 2672 4141 wem

1598 4164 1693 4212 das
1716 4160 1877 4211 Gliick
1900 4170 1993 4225 gut
2014 4163 2097 4211 ist.

2171 3561 2240 3603 ορ.
2297 3551 2432 3601 mm.
2457 3553 2479 3601 1
2514 3551 2548 3615 ς
2578 3551 2673 3618 12,
