2930 4693
267 2805 363 2857 128
395 2819 591 2863 sonus.

400 259 480 321 46
999 252 1095 314 DE
1128 249 1483 313 ORATORE
1511 252 1536 313 1
1568 251 1666 314 28.
1716 256 2019 309 124-128.

397 442 491 484 sas
520 421 1093 484 inveniebam‘duas:
1141 441 1350 493 unam,
1406 422 1563 502 quod
1599 421 2017 501 intellegerent
2057 424 2142 493 ei,
2173 440 2334 502 quos
2376 441 2514 484 usus
2552 442 2622 483 ac

396 515 605 569 natura
631 508 951 577 docuisset,
985 526 1424 588 nonnumquam
1448 509 1695 570 summis
1720 506 2051 568 oratoribus
2073 525 2191 567 non
2212 509 2355 568 satis
2384 526 2457 568 ex
2486 527 2619 570 sen-

396 595 577 655 tentia
608 600 880 654 eventum
912 592 1144 653 dicendi
1172 593 1530 673 procedere;
1561 595 1641 653 ita
1673 612 1794 653 non
1822 593 2064 663 iniuria,
2097 594 2621 674 quotienscumque

272 690 371 741 121
403 679 694 749 dicerent,
726 678 818 748 id,
863 677 1019 758 quod
1063 676 1376 758 aliquando
1407 685 1607 758 posset
1635 677 1934 747 accidere,
1980 695 2054 738 ne
2084 684 2211 738 tum
2240 679 2436 759 ipsum
2467 680 2619 739 acci-

401 765 597 832 deret,
651 765 880 824 timere.
955 761 1153 823 Altera
1196 770 1285 824 est
1324 763 1500 834 haec,
1557 763 1629 823 de
1671 782 1785 844 qua
1815 763 1986 842 queri
2015 781 2191 842 saepe
2220 762 2410 833 soleo,
2462 764 2620 843 quod

398 855 729 909 ceterarum
780 847 1051 909 homines
1102 849 1316 909 artium
1371 850 1618 928 spectati
1653 855 1713 909 et
1742 847 2002 927 probati,
2055 849 2105 908 si
2134 847 2368 927 quando
2401 847 2619 929 aliquid

399 935 594 994 minus
623 932 777 994 bene
807 932 1103 1002 fecerunt,
1138 951 1313 1012 quam
1345 932 1566 1003 solent,
1600 940 1700 994 aut
1729 933 1985 994 noluisse
2018 939 2116 994 aut
2146 931 2477 994 valetudine
2506 936 2619 994 im-

399 1019 580 1098 pediti
613 1035 732 1078 non
760 1019 1020 1097 potuisse
1053 1019 1335 1098 consequi
1363 1018 1452 1089 id,
1486 1018 1644 1098 quod
1675 1020 1920 1090 scirent,
1951 1025 2248 1100 putantur,
2286 1053 2355 1062 —-
2395 1017 2617 1089 ‘noluit‚

398 1104 688 1183 inquiunt,
722 1102 897 1163 hodie
929 1119 1104 1181 agere
1133 1101 1416 1174 Roscius’,
1451 1111 1577 1164 aut:
1597 1103 1871 1164 '‘crudior
1900 1103 2025 1164 fuit’
2056 1122 2169 1172 ——-;
2202 1105 2451 1164 oratoris
2479 1121 2619 1183 pec-

396 1195 617 1257 catum,
672 1189 722 1249 si
774 1187 929 1267 quod
985 1193 1072 1248 est
1121 1188 1620 1255 animadversum,
1673 1188 1950 1250 stultitiae
2002 1196 2309 1267 peccatum
2362 1189 2616 1257 videtur;

269 1289 367 1340 125
397 1272 638 1333 stultitia
689 1279 882 1333 autem
936 1274 1370 1334 excusationem
1422 1292 1542 1333 non
1594 1273 1799 1343 habet,
1855 1275 1991 1353 quia
2033 1291 2209 1335 nemo
2251 1273 2480 1333 videtur
2522 1280 2623 1334 aut

396 1359 530 1437 quia
562 1356 779 1418 crudus
809 1358 989 1418 fuerit
1018 1365 1117 1418 aut
1140 1358 1296 1438 quod
1326 1360 1406 1419 ita
1436 1358 1711 1419 maluerit
1751 1358 1963 1419 stultus
2006 1358 2202 1419 fuisse.
2274 1352 2401 1431 Quo
2447 1359 2620 1418 etiam

392 1443 625 1521 gravius
654 1442 936 1504 iudicium
966 1444 1026 1503 in
1059 1442 1309 1504 dicendo
1339 1442 1625 1504 subimus.

1715 1444 1998 1516 Quotiens
2031 1444 2186 1503 enim
2221 1444 2498 1515 dicimu8,
2533 1450 2621 1504 to-

394 1529 545 1589 tiens
576 1528 648 1588 de
682 1527 851 1588 nobis
880 1528 1202 1597 iudicatur:
1246 1536 1305 1588 et
1333 1530 1435 1608 qui
1465 1528 1649 1590 semel
1689 1530 1750 1589 in
1794 1534 1962 1608 gestu
1992 1530 2282 1608 peccavit,
2329 1547 2450 1588 non
2482 1546 2621 1589 con-

392 1614 557 1673 tinuo
588 1614 953 1674 existimatur
985 1614 1213 1674 nescire
1243 1621 1510 1691 gestum;
1557 1615 1722 1675 cuius
1753 1621 1948 1674 autem
1979 1615 2040 1673 in
2072 1612 2323 1674 dicendo
2355 1613 2497 1692 quid
2527 1632 2622 1674 re-

391 1697 753 1776 prehensum
798 1705 913 1768 est,
960 1705 1059 1759 aut
1101 1705 1342 1759 aeterna
1381 1700 1444 1759 in
1489 1717 1558 1760 eo
1601 1706 1701 1760 aut
1742 1705 1903 1760 certe
1934 1698 2210 1759 diuturna
2241 1697 2393 1758 valet
2422 1700 2621 1779 opinio

222 1776 421 1850 28126
448 1782 751 1844 tarditatis
806 1782 954 1843 Illud
986 1802 1126 1844 vero
1147 1832 1163 1853 ,
1197 1783 1354 1863 quod
1386 1802 1419 1844 a
1449 1791 1508 1844 te
1541 1784 1761 1863 dictum
1794 1790 1908 1854 est,
1956 1800 2082 1843 esse
2113 1781 2437 1863 permulta,
2472 1801 2622 1861 quae

395 1875 596 1928 orator
638 1870 751 1929 nisi
794 1867 1044 1928 haberet
1074 1886 1104 1928 a
1137 1875 1375 1940 natura,
1420 1887 1541 1929 non
1573 1868 1821 1930 multum
1853 1887 1886 1929 a
1915 1870 2197 1947 magistro
2228 1867 2619 1938 adiuvaretur,

398 1951 562 2012 valde
614 1953 720 2013 tihi
750 1952 1049 2014 adsentior
1099 1954 1278 2033 inque
1321 1972 1390 2014 eo
1439 1954 1527 2014 vel
1569 1955 1822 2016 maxime
1852 1953 2098 2033 probavi
2128 1971 2423 2014 summum
2454 1952 2621 2013 illum

392 2037 723 2108 doctorem,
777 2036 1247 2098 Alabandensem
1277 2038 1681 2118 Apollonium,
1737 2041 1837 2119 qui
1878 2058 2011 2099 cum
2055 2038 2330 2099 mercede
2361 2037 2619 2109 doceret,

391 2130 590 2182 tamen
621 2140 738 2182 non
770 2121 1102 2201 patiebatur
1132 2141 1259 2194 eos,
1306 2142 1453 2203 quos
1500 2123 1797 2185 iudicabat
1840 2142 1959 2184 non
1990 2142 2163 2203 posse
2195 2130 2460 2183 oratores
2491 2141 2621 2184 eva-

393 2207 561 2278 dere,
595 2225 835 2287 operam
869 2207 1023 2286 apud
1054 2225 1183 2268 sese
1213 2208 1495 2288 perdere,
1530 2208 1974 2289 dimittebatque
2006 2215 2064 2269 et
2107 2208 2178 2269 ad
2210 2226 2385 2288 quam
2417 2225 2622 2288 quem-

395 2310 509 2372 que
562 2299 748 2354 artem
801 2291 1044 2372 putabat
1089 2311 1216 2354 esse
1260 2301 1490 2374 aptum,
1548 2293 1620 2355 ad
1666 2311 1804 2355 eam
1842 2291 2150 2374 impellere
2193 2300 2366 2374 atque
2395 2294 2623 2355 hortari

266 2378 363 2429 127
394 2376 635 2439 solebat.
698 2379 850 2439 Satis
874 2386 962 2438 est
992 2380 1148 2439 enim
1172 2380 1234 2439 in
1258 2382 1471 2440 ceteris
1496 2380 1757 2440 artificiis
1785 2380 2184 2459 percipiendis
2214 2380 2621 2440 tantummodo
2667 2431 2679 2442 .

397 2462 650 2524 similem
704 2481 832 2524 esse
881 2464 1137 2525 hominis
1187 2473 1245 2526 et
1283 2464 1344 2524 id
1373 2511 1386 2531 ‚
1442 2464 1600 2546 quod
1644 2464 1911 2525 tradatur
1939 2463 2030 2525 vel
2063 2467 2242 2526 etiam
2270 2463 2619 2536 inculcetur,

391 2548 441 2606 si
492 2549 593 2628 qui
633 2549 787 2609 forte
831 2550 906 2609 sit
938 2548 1190 2621 tardior,
1243 2569 1418 2629 posse
1448 2551 1761 2629 percipere
1794 2551 1989 2610 animo
2022 2557 2081 2610 et
2108 2551 2396 2610 memoria
2428 2557 2620 2610 custo-

393 2632 539 2693 dire.
621 2632 775 2695 Non·
805 2636 1108 2713 quaeritur
1158 2634 1455 2697 mobilitas
1505 2634 1770 2714 linguae,
1817 2653 1938 2695 non
1982 2634 2254 2696 celeritas
2283 2634 2620 2707 verborum,

395 2736 514 2778 non
546 2718 800 2799 denique
832 2738 928 2790 ea,
973 2739 1124 2799 quae
1166 2720 1339 2781 nobis
1369 2739 1490 2781 non
1520 2739 1834 2800 possumus
1862 2720 2117 2799 fingere,
2164 2720 2376 2790 facieS,
2408 2719 2620 2790 vultuS,

680 2803 747 2864 ln
779 2810 1014 2864 oratore
1045 2811 1242 2866 autem
1272 2824 1523 2866 acumen
1554 2804 2026 2876 dialecticorum,
2073 2807 2399 2866 sententiae
2429 2805 2620 2884 philo-

391 2887 745 2966 sophorum,
801 2888 976 2948 verba
1029 2908 1217 2969 prope
1267 2895 1609 2969 poetarum,
1665 2892 1948 2952 memoria
2000 2891 2147 2950 iuris
2198 2889 2619 2961 consultorum,

392 2989 502 3032 vox
536 2973 984 3051 tragoedorum,
1018 2981 1216 3052 gestus
1245 2992 1832 3055 paenesummorum
1875 2981 2141 3035 actorum
2185 2983 2274 3035 est
2312 2976 2621 3055 requiren-

452 3242 601 3277 unam
624 3253 687 3262 —-
723 3228 839 3277 dem
862 3226 1085 3277 hernach
1118 3228 1276 3278 altera
1301 3235 1379 3278 est
1403 3228 1455 3278 in

386 3294 756 3360 selbstfindiger
809 3295 1090 3361 Anffigung
1156 3296 1452 3363 entspricht,

385 3379 517 3428 ganz
542 3364 636 3414 wie
660 3364 800 3416 Brut.
825 3362 917 3426 95,
942 3373 1033 3415 325.

454 3457 552 3499 tum
577 3450 759 3514 ipsum,
798 3448 861 3498 de
894 3448 981 3498 fin.
1020 3448 1064 3498 Π
1097 3446 1190 3508 50,
1216 3457 1266 3499 65
1299 3465 1449 3513 quem

387 3515 691 3582 (Regulum)
714 3544 775 3553 —
798 3525 897 3568 tum
917 3519 1095 3583 ipsum,
1122 3532 1237 3567 cum
1260 3518 1449 3583 vigiliis

387 3593 434 3635 et
459 3585 591 3634 fame
618 3586 936 3648 cruciaretur,
954 3585 1306 3636 clamatvirtus
1325 3587 1444 3637 bea-

387 3653 564 3702 tiorem
591 3652 766 3716 fuisse,
797 3667 947 3716 quam
972 3661 1230 3719 potantem
1256 3655 1304 3704 in
1333 3670 1447 3705 rosa

385 3721 647 3772 Thorium.

409 3858 428 3906 l
444 3798 532 3908 134.
546 3797 831 3840 ceterarum
841 3790 1063 3841 homines
1073 3791 1269 3852 artium,
1285 3787 1316 3857 S
1331 3789 1444 3841 128.

385 3859 404 3907 1
500 3895 512 3918 ,
538 3867 591 3908 37
616 3874 667 3908 u.
692 3866 759 3908 38.

450 3944 665 3993 stultitia
689 3943 1063 3995 excusationem
1085 3960 1185 3994 non
1209 3943 1359 3994 habet
1384 3971 1446 3980 —

387 4009 522 4059 denn
556 4010 694 4060 diese
728 4011 854 4061 idest
889 4010 998 4061 sich
1023 4010 1161 4061 nicht
1185 4012 1278 4061 auf
1298 4013 1446 4061 einen

386 4075 593 4126 solchen
662 4077 1296 4145 Entschuldigungsgrund
1357 4096 1445 4131 zu-

385 4142 690 4193 riickfiihren
728 4145 1088 4205 (verdorbener
1113 4147 1292 4212 Magen
1327 4149 1449 4197 oder

384 4208 864 4276 fibeleLaune),wie
890 4229 1002 4263 man
1023 4214 1106 4264 ihn
1133 4216 1213 4265 fiir
1238 4217 1353 4266 eine
1366 4217 1445 4280 je·

387 4278 582 4348 weilige
626 4279 970 4347 mangelhai'te
1009 4281 1263 4349 Leistung
1310 4285 1447 4333 eines

1560 3229 1948 3279 renommierten
1976 3228 2356 3296 Schauspielers
2390 3229 2463 3279 als
2499 3243 2619 3279 aus-

1558 3297 1796 3348 reichend
1823 3297 2062 3348 erachtet.

1624 3368 1676 3416 in
1698 3373 1871 3432 gestu,
1906 3366 1982 3416 als
2019 3367 2134 3416 dem
2161 3364 2498 3432 eigentliehen
2524 3366 2621 3418 Ge-

1556 3435 1659 3484 biet
1694 3435 1785 3485 des
1823 3433 2204 3501 Schauspielers
2239 3435 2308 3485 im
2336 3435 2620 3500 Gegensatz

1552 3516 1654 3552 von
1679 3503 1731 3553 in
1757 3503 1992 3554 dicendo,

1619 3568 1711 3633 28,
1751 3580 1838 3624 126.
1887 3572 2133 3631 evadere,
2179 3586 2231 3637 p.
2270 3570 2395 3621 Mur.
2444 3569 2534 3633 13,
2572 3579 2623 3621 29

1552 3639 1822 3689 nonnullos
1848 3639 2101 3703 videmus»,
2130 3639 2214 3700 qui
2242 3645 2480 3690 oratore-s·
2507 3654 2621 3689 eva-

1552 3708 1676 3758 dere
1702 3722 1802 3757 non
1829 3707 2108 3773 potuerint,
2146 3721 2234 3756 eos
2269 3705 2336 3756 ad
2359 3707 2483 3756 iuris
2508 3715 2618 3756 stu·

1552 3775 1693 3825 dium
1717 3775 1971 3825 devenire.
2022 3774 2163 3824 Brut.
2188 3774 2284 3835 47,
2314 3783 2405 3828 175.

1619 3869 1708 3910 127.
1741 3860 1933 3923 facies,
1960 3857 2425 3924 Gesichtsbildung.

1616 3931 1778 3979 vultus
1792 3963 1805 3987 ,
1831 3925 2337 3978 Gesichtsausdruck.

1619 4020 1709 4062 128.
1747 4028 1851 4062 voa:
1888 4013 2277 4078 tragoedorum,
2315 4012 2397 4062 die
2430 4014 2619 4063 beson-

1552 4081 1668 4131 ders
1692 4079 1987 4144 klangreich
2005 4081 2112 4132 und
2125 4082 2265 4131 stark
2276 4082 2383 4131 sein
2406 4090 2618 4136 musste.

1552 4163 1648 4198 um·
1682 4147 1765 4198 die
1806 4149 1986 4198 weiten
2022 4148 2218 4198 Rfiume
2253 4150 2343 4198 des
2377 4148 2618 4198 Theaters

1552 4215 1925 4349 ‹gurcfihdripgen
1951 4233 2015 4266 zu
2035 4217 2241 4267 konnen
2262 4214 2522 4283 (βομβεῖν
2545 4209 2616 4266 τοὶ

1580 4300 1658 4349 οιμ
1699 4287 1790 4336 εἴα
1822 4320 1836 4335 .
