2930 4693
308 576 413 631 283

306 1088 413 1141 284

437 225 610 297 19&

948 250 955 257 ·
1009 218 1109 282 DE
1151 217 1509 281 ORATORE
1547 216 1603 280 11
1645 215 1747 278 70.
1791 220 2100 279 283—285.

438 391 721 460 Granius,
771 396 840 451 ut
878 386 1135 453 mulsum
1161 386 1446 467 (rigidum
1484 385 1720 449 biberet
1735 434 1754 460 ,
1811 386 2059 449 simulac
2100 385 2343 449 domum
2371 386 2638 453 redisset
2654 409 2674 449 ε

439 474 733 544 ‘Pel-dam,
749 475 959 554 inquit,
973 491 1196 544 vocem,
1211 474 1264 534 si
1283 471 1346 534 id
1368 471 1615 534 fecero?
1641 469 1876 534 ‘Melius
1883 478 2006 553 εει,
2019 472 2228 552 inquit,
2244 490 2422 553 quam
2444 476 2674 536 reum.’

606 557 838 621 Bellum
868 560 1047 620 etiam
1075 565 1193 628 est,
1232 576 1368 620 cum
1397 556 1543 637 quid
1569 558 1783 638 cuique
1811 557 1889 621 sit
1916 564 2380 619 consentaneum
2409 558 2670 620 dicitur:

438 651 529 716 ut,
572 661 710 706 cum
739 644 997 706 Scaurus
1036 641 1384 706 nonnullam
1411 641 1663 703 haberet
1700 639 1982 704 invidiam
2026 660 2099 703 ex
2128 659 2232 712 eo,
2285 641 2445 722 quod
2471 642 2672 722 Phry-

437 729 629 808 gionis
654 729 953 810 Pompeii,
1007 726 1318 807 locupletis
1357 727 1645 799 hominis,
1696 725 1857 789 bona
1899 727 2029 789 sine
2067 733 2423 789 testamento
2451 745 2664 807 posse-

437 815 636 884 derat,
678 813 1030 894 sederetque
1060 813 1375 875 advocatus
1402 830 1510 873 reo
1537 812 1771 874 Bestiae
1786 858 1804 881 ,
1852 829 1989 873 cum
2019 811 2197 874 funus
2224 811 2522 892 quoddam
2553 811 2668 874 du-

439 905 706 969 ceretur,
752 905 1061 960 accusator
1101 898 1165 961 C.
1205 898 1517 960 Memmius
1574 897 1773 969 ‘Vide,
1817 898 2040 977 inquit,
2085 897 2339 970 Scaure,
2390 903 2670 960 mortuus

437 986 694 1065 rapitur,
727 985 779 1045 si
805 991 977 1064 potes
1004 1000 1134 1046 esse
1163 983 1518 1062 possessor?

610 1067 729 1131 Sed
758 1086 832 1130 ex
859 1069 954 1131 his
981 1067 1257 1131 omnibus
1285 1066 1434 1129 nihil
1463 1069 1652 1147 magis
1679 1066 1938 1137 ridetur,
1968 1084 2147 1147 quam
2179 1065 2339 1146 quod
2368 1073 2461 1130 est
2486 1085 2666 1147 prae-

438 1160 532 1216 ter
562 1154 1093 1233 exspectationem,
1146 1153 1313 1215 cuius
1350 1151 1808 1215 innumerabilia
1847 1158 1987 1214 sunt
2013 1150 2314 1251 exempla,
2356 1151 2451 1213 vel
2488 1153 2668 1233 Appii

439 1238 682 1298 maioris
708 1236 893 1308 illius,

942 1239 1045 1319 qui
1072 1240 1138 1299 in
1163 1245 1402 1308 senatu,
1447 1256 1585 1301 cum
1613 1243 1893 1336 ageretur
1921 1237 1997 1299 de
2025 1238 2183 1314 agris
2212 1235 2466 1336 publicis
2495 1244 2557 1298 et
2584 1236 2664 1298 de

439 1320 571 1400 lege
602 1321 820 1385 Thoria
851 1330 913 1385 et
937 1329 1315 1403 premeretur
1342 1321 1607 1385 Lucilius
1635 1322 1711 1385 ab
1742 1324 1858 1391 eis,
1909 1323 2012 1421 qui
2054 1340 2088 1382 a
2129 1339 2347 1402 pecore
2391 1322 2517 1383 eius
2559 1316 2664 1382 de-

438 1408 603 1487 pasci
632 1424 806 1486 agros
832 1406 1103 1488 publicos
1132 1408 1418 1478 dicerent,
1467 1408 1625 1470 ‘Non
1655 1414 1761 1478 est,
1790 1408 2001 1487 inquit,
2031 1405 2243 1467 Lucilii
2271 1424 2456 1486 pecus
2481 1404 2662 1475 illud;

440 1493 682 1563 erratis;
666 1496 708 1527 ·’
769 1490 1110 1573 (defendere
1137 1492 1430 1555 Lucilium
1454 1491 1783 1572 videbatur)
1830 1493 1967 1570 ‘ego
2005 1489 2262 1553 liberum
2306 1499 2450 1571 puto
2496 1509 2661 1572 esse;

308 1596 411 1650 285
440 1594 556 1658 qua
582 1576 776 1649 lubet,
818 1580 1099 1658 pascitur.
1101 1584 1124 1614 ⁹
1206 1577 1409 1641 Placet
1437 1579 1616 1639 etiam
1646 1577 1794 1639 mihi
1821 1575 1972 1639 illud
2000 1576 2295 1656 Scipionis
2325 1568 2666 1656 illius‚q1'u

440 1662 529 1725 Ti.
555 1663 888 1726 Gracchum
919 1662 1187 1745 perculit.
1234 1662 1441 1734 Quum
1449 1665 1507 1724 ei
1527 1659 1617 1725 M.
1641 1661 1888 1724 Flaccus
1915 1659 2118 1724 multis
2144 1659 2385 1741 probris
2413 1659 2665 1723 obiectis

436 1747 504 1809 P.
533 1748 792 1811 Mucium
821 1748 1080 1810 iudicem
1108 1747 1365 1811 tulisset:
1398 1747 1618 1816 ‘Eiero,
1648 1747 1857 1828 inquit,
1886 1747 2126 1827 iniquus
2154 1750 2289 1806 est.'
2334 1746 2483 1809 Cum
2505 1752 2665 1807 esset

438 1832 948 1895 admurmuratum
963 1855 979 1895 z

1034 1833 1178 1902 mh,
1223 1834 1446 1913 inquit,
1491 1832 1554 1896 P.
1585 1832 1678 1903 C.,
1722 1850 1844 1894 nou
1874 1848 1985 1910 ego
2015 1831 2165 1893 mihi
2191 1830 2360 1892 illum
2388 1832 2659 1911 iniquum

438 1919 631 1987 ciero,
682 1935 890 1978 verum
919 1917 1240 1979 omnibus.'
1328 1917 1418 1979 Ab
1447 1917 1565 1981 hoc
1591 1935 1733 1979 vero
1764 1917 1975 1987 Crasso
2004 1914 2154 1979 nihil
2192 1915 2466 1977 facetius:
2522 1933 2663 1977 cum

437 2000 703 2063 laesisset
751 2003 919 2062 testis
965 2000 1122 2062 Silus
1161 2001 1681 2082 Pisonem-quod
1721 2020 1787 2062 se
1825 2004 1890 2062 iu
1932 2019 2066 2062 eum
2109 1999 2345 2062 audisse
2385 2000 2658 2062 dixisset:

439 2084 667 2147 ‘Potest
692 2086 852 2158 fieri,
883 2086 1103 2166 inquit,
1138 2085 1285 2157 Sile,
1328 2093 1394 2147 ut
1420 2088 1502 2157 ιε,
1527 2085 1687 2147 unde
1716 2093 1775 2150 te
1805 2086 2038 2148 audisse
2069 2085 2245 2156 dicis,
2278 2085 2464 2147 iratus
2496 2085 2663 2146 dixe·

434 2171 559 2232 rit!
616 2170 839 2233 Adnuit
867 2168 1040 2232 Silus,

1099 2170 1326 2233 ‘Potest
1354 2172 1531 2233 etiam
1547 2218 1563 2243 ,
1594 2179 1663 2233 ut
1689 2179 1755 2233 tu
1784 2189 1907 2233 non
1933 2177 2100 2232 recte
2125 2168 2536 2232 intellexeris?
2595 2169 2666 2232 Id

435 2274 670 2337 quoque
699 2262 825 2317 toto
855 2256 1048 2336 capite
1077 2254 1310 2327 adnuit,
1353 2262 1421 2317 ut
1447 2274 1513 2317 se
1544 2257 1755 2319 Crasso
1796 2257 1984 2318 daret.
2043 2255 2269 2317 ePotest
2298 2257 2476 2317 etiam
2504 2255 2663 2334 fieri,

433 2343 655 2422 inquit,
688 2348 755 2402 ut
783 2342 1044 2412 omnino,
1079 2340 1236 2423 quod
1264 2349 1325 2403 te
1355 2340 1591 2404 audisse
1621 2341 1785 2414 dicis
1819 2359 2141 2421 numquam
2171 2339 2474 2402 audieris.’
2534 2340 2664 2401 Hoc

433 2428 516 2487 ita
536 2433 776 2507 praeter
798 2428 1298 2509 exspectationem
1324 2427 1553 2496 accidit,
1570 2435 1636 2488 ut
1658 2434 1870 2489 testem
1892 2429 2157 2489 omnium
2180 2427 2336 2488 risus
2358 2424 2661 2487 obrueret.

432 2511 622 2575 Huius
652 2515 892 2592 generis
922 2521 1013 2576 est
1036 2510 1252 2593 plenus
1281 2513 1530 2587 Noviu3‚
1563 2519 1623 2573 et
1650 2513 1816 2574 iocus
1847 2519 1936 2573 est
1962 2511 2296 2574 familiaris:

1081 2598 1357 2679 ‘sapiens
1386 2599 1438 2658 si
1467 2596 1722 2676 algebis,
1754 2601 2000 2660 tremes’

433 2691 493 2745 et
520 2682 633 2747 alia
662 2683 976 2765 permulta.

497 2890 701 2937 mulsum
728 2887 1002 2968 fflffi‘dum3
1045 2877 1319 2953 οἰνόμελι,
1379 2887 1495 2938 eine

430 2954 526 3005 Art
547 2954 829 3004 Limonade
858 2969 953 3005 aus
973 2955 1187 3020 jungem
1210 2956 1365 3005 Weiu
1382 2957 1494 3006 und

431 3022 599 3087 Honig
632 3023 869 3084 bei-estet,
904 3022 981 3072 als
1015 3021 1174 3073 Mittel
1208 3037 1374 3089 gegeu
1408 3023 1495 3073 die

431 3088 744 3155 Rauhigkeit
768 3089 860 3140 des
886 3089 1085 3141 Halses.

499 3165 593 3208 283.
636 3159 749 3208 sine
785 3164 1108 3220 testamento,
1155 3158 1252 3210 wol
1286 3158 1363 3208 als
1399 3158 1494 3210 der

431 3226 644 3278 nachste
675 3233 890 3292 agnatus
923 3227 1050 3278 oder
1091 3225 1494 3292 erbberechtigte

430 3302 705 3360 cognatum
740 3295 931 3360 gerade
954 3296 1046 3347 der
1067 3294 1340 3358 Umstand‚
1368 3295 1491 3346 dass

433 3361 657 3414 Scaurus
698 3362 777 3413 als
812 3364 1144 3414 Intestaterbe
1189 3363 1281 3415 auf
1312 3361 1492 3415 Grund

428 3430 760 3498 weitldufiger
778 3431 1223 3483 Verwandtschaft
1245 3433 1339 3483 das
1357 3432 1486 3482 Ver-

428 3503 713 3618 megene-13
722 3499 834 3551 sich
842 3499 1087 3566 gebracht
1095 3499 1250 3566 hatte,
1267 3515 1367 3566 zog
1381 3499 1491 3550 ihm

426 3582 515 3617 vie
535 3582 563 3616 e
634 3583 680 3617 ει
717 3582 771 3616 ει·
795 3584 881 3619 zu.

494 3636 815 3702 sederetque,
839 3650 932 3687 vor
955 3635 1176 3700 Gericht,
1201 3637 1234 3700 s
1256 3635 1357 3688 245
1381 3636 1490 3702 (iu-

427 3701 575 3765 dex).
618 3719 720 3769 rap
721 3705 913 3755 itur—
936 3704 1031 3754 mit
1052 3705 1376 3772 Auspielung
1399 3704 1494 3755 auf

427 3771 511 3821 die
532 3771 869 3835 Ei1e‚w0mit
892 3787 946 3822 er
969 3773 1207 3824 bestattet
1229 3773 1381 3833 wird‚
1407 3773 1487 3823 als

424 3841 562 3889 ware
586 3853 653 3890 zu
680 3838 1002 3903 befiirchten,
1052 3841 1173 3892 dass
1210 3856 1266 3890 er
1296 3841 1489 3891 wieder

427 3906 683 3973 erwache‚
718 3923 807 3959 um
839 3907 971 3959 noch
997 3908 1080 3959 ein
1102 3909 1397 3960 Testament
1422 3924 1489 3959 zu

424 3974 658 4028 macheu.

487 4059 762 4108 possessor
794 4043 917 4095 hebt
940 4042 1243 4095 absichtlich
1266 4060 1362 4096 nur
1385 4046 1486 4095 den

424 4109 710 4162 faktischeu
733 4112 959 4162 Bestaud
979 4111 1200 4162 hervor'
1186 4128 1257 4163 xm
1282 4113 1486 4179 Gegen—

424 4184 535 4291 ἓαιι
581 4192 647 4227 zu
689 4179 808 4229 dem
842 4178 1151 4230 rechtlichen
1185 4180 1357 4232 Besitz
1390 4181 1484 4233 des

463 4257 593 4292 eres.

1663 2896 1759 2938 284.
1777 2893 1998 2953 praeter
2020 2901 2155 2952 exsp
2161 2887 2249 2950 „S
2264 2884 2382 2938 255.
2416 2888 2512 2945 vel,
2538 2887 2657 2938 dem

1594 2953 1818 3005 hernach
1866 2953 2086 3022 (placet)
2115 2903 2296 3005 petiam
2356 2954 2659 3022 entspricht.

1593 3019 1628 3089 S
1651 3023 1770 3073 274.
1826 3024 2035 3074 liberum
2066 3049 2132 3059 ——
2166 3014 2407 3086 ἐλεύθερ
2409 3038 2496 3074 ov.
2558 3040 2663 3090 qua

1595 3091 1757 3154 lubet,
1793 3107 1942 3143 σπου
1974 3086 2164 3143 θέλεις
2215 3039 2407 3143 durch?
2400 3092 2486 3141 die
2504 3106 2662 3141 uuer-

1594 3167 1802 3209 wartete
1833 3159 2076 3210 Wendun
2161 3159 2364 3224 schliigt
2409 3159 2495 3209 die
2540 3174 2661 3210 ver-

1594 3227 1886 3277 meintliche
1902 3228 2076 3278 Vertei
2113 3229 2274 3294 igung
2294 3228 2345 3276 in
2373 3227 2456 3277 die
2473 3226 2662 3277 vollste

1594 3295 1965 3361 Bekrfiftiguug
1988 3295 2078 3345 der
2100 3296 2334 3360 Anklage
2358 3310 2466 3345 um.

1662 3372 1756 3414 285.
1792 3365 2006 3415 iudicem
2030 3366 2242 3424 tulisset,
2266 3364 2300 3426 S
2323 3361 2441 3414 263.
2476 3362 2659 3422 Eiet-0,

1595 3431 1690 3482 den
1711 3432 2119 3498 perhorresciere
2136 3431 2218 3480 ich
2229 3429 2351 3497 (mit
2360 3430 2660 3498 Beziehuug

1593 3498 1687 3549 auf
1706 3500 1890 3551 dessen
1918 3500 2172 3550 neutrales
2197 3499 2249 3550 d.
2275 3498 2329 3553 h.
2363 3498 2658 3564 uuthiitiges

1590 3566 1865 3701 Verhal)teu
1891 3569 1977 3620 bei
2000 3568 2116 3619 dem
2139 3567 2505 3634 gracchischen
2529 3566 2659 3617 Auf—

1592 3637 1763 3688 stand.

1653 3705 1877 3769 facetius
1899 3731 1964 3742 -
1990 3704 2083 3755 das
2100 3703 2430 3755 Lacherliche
2452 3704 2580 3768 liegt
2602 3704 2654 3755 in

1590 3774 1707 3824 dem
1728 3772 2213 3824 uniibertrefflichen
2237 3771 2384 3837 Gaug
2407 3772 2500 3823 des
2528 3776 2653 3825 Ver·

1587 3841 1734 3906 hors,
1784 3842 1879 3892 das
1913 3840 2131 3893 Crassus
2176 3842 2270 3891 mit
2317 3841 2435 3891 dem
2477 3855 2653 3893 armen

1591 3910 1755 3977 Tropi’
1771 3909 1994 3962 anstellt.
2042 3911 2203 3971 testis,
2228 3909 2304 3960 als
2328 3909 2655 3961 Leumunds·

1591 3994 1687 4030 zeu
1725 3993 1770 4029 e.

1646 3993 1869 4112 sgpiem
1887 4053 1982 4097 etc.
2008 4045 2179 4096 Wenn
2197 4045 2275 4097 als
2285 4005 2565 4113 Philosoph
2583 4047 2652 4098 du

1586 4113 1759 4164 frier-st
1792 4141 1856 4151 —
1890 4115 2028 4165 danu
2100 4113 2184 4164 eht
2208 4116 2315 4166 dits
2351 4112 2540 4181 (lautet
2563 4115 2655 4164 der

1585 4191 1921 4232 unerwartete
1965 4182 2071 4232 Nae
2108 4180 2247 4248 satz)
2303 4184 2398 4233 wie
2454 4183 2653 4236 anderu

1585 4250 1775 4302 Leuten
1832 4249 1995 4315 auch,
2032 4264 2100 4300 ·es
2146 4252 2398 4316 klappern
2444 4251 2525 4300 dir
2569 4251 2653 4300 die
