2930 4693
912 186 980 237 11.
1025 184 1452 233 KRITJSCHER
1494 186 1806 233 ANHANG.
2338 179 2460 241 393

228 344 342 403 Qua
369 341 434 390 de
460 357 514 391 re
534 342 712 406 agitur
736 349 905 392 autem
937 343 1078 402 illud,
1107 344 1242 406 quod
1269 343 1443 396 multis
1471 346 1595 395 locis
1618 346 1667 393 in
1689 343 2463 397 iurisconsultorum'includitur

231 412 467 462 formulis
496 413 554 461 id
581 412 666 461 ubi
694 420 825 463 esset
851 413 1072 464 videbat.

368 483 465 545 41,
493 491 566 532 177
601 483 898 547 plerumque
924 484 1124 536 occulas
1159 485 1362 533 Abrine.
1397 485 1498 534 Erl.
1531 486 1577 546 l,
1617 486 1658 534 11
1701 484 2028 551 (plerumque
2064 485 2310 549 occultes)
2339 493 2464 572 statt

227 554 529 618 plerumque
557 561 612 601 ut
638 554 857 603 occulas.
1830 589 1835 596 .

365 624 462 682 42,
499 633 572 672 ¹78
605 621 741 671 Haec
771 632 820 672 et
851 639 1164 689 properanS,
1201 634 1254 673 ut
1287 623 1424 689 apud
1453 624 1628 674 doctos
1657 632 1706 673 et
1736 626 2046 676 semidoctus
2074 626 2185 690 ipse
2214 638 2459 690 percurro

227 693 430 741 Ellendt
454 700 578 744 statt
602 691 738 741 Haec
763 699 816 741 ιιι
841 702 890 742 et
915 708 1194 759 properans
1217 702 1266 743 et
1294 694 1433 758 apud
1459 694 1636 745 doctos
1657 703 1706 744 et
1731 696 2040 744 semidoctus
2067 695 2178 760 ipse
2205 709 2467 759 percurro.

229 766 284 810 ln
316 762 416 811 den
445 762 532 814 Hs,
562 761 650 811 hat
675 763 788 811 eine
809 763 1206 829 Vertauschung
1224 778 1322 812 von
1350 772 1401 813 et
1422 764 1527 812 und
1554 772 1610 812 ut
1635 762 1763 814 Statt
1787 764 2082 830 gefunden;
2110 763 2240 814 doch
2268 764 2467 813 scheint

229 831 391 882 sehon
423 831 539 881 frah
568 831 661 882 das
690 842 744 882 ut
781 847 872 881 vor
908 849 1191 898 properans
1233 832 1392 882 durch
1425 835 1508 883 ein
1545 833 2157 900 dariibergeschriebeues
2193 844 2243 883 et
2280 833 2467 899 richtig

227 903 522 952 verbessert
557 917 620 950 zu
650 903 777 951 sein.
851 902 1064 952 Freilich
1096 904 1161 953 ist
1189 917 1291 951 nun
1322 919 1417 968 gar
1446 905 1497 951 in
1525 903 1617 952 der
1646 904 1998 969 Vulgatlesart
2025 912 2082 953 ut
2108 912 2158 953 et
2184 918 2467 969 properans

159 978 178 988 ·
230 973 419 1021 daraus
448 972 743 1053 geworden.

369 1043 463 1103 45,
497 1049 570 1091 188
599 1041 725 1091 sed
712 1057 825 1107 ipse
847 1042 1069 1092 videaris
1099 1042 1299 1092 incendi
1324 1041 1452 1091 nach
1472 1043 1576 1094 Erl.
1605 1043 1669 1107 11,
1699 1042 1825 1092 der
1813 1057 2053 1093 incensus
2077 1042 2164 1094 hat
2190 1044 2286 1092 wie
2311 1041 2468 1109 Lg.2

229 1109 325 1175 (—
350 1111 510 1162 daher
534 1111 664 1161 auch
689 1112 889 1162 Ellendt
919 1112 1050 1161 sed
1039 1128 1148 1177 ipse
1174 1112 1376 1162 incendi
1404 1113 1627 1163 videaris
1654 1111 1750 1178 —)
1774 1119 1895 1162 statt
1919 1114 2011 1163 sed
2044 1114 2156 1179 ipse
2187 1113 2364 1162 ardere
2391 1113 2469 1161 vi-

230 1183 421 1232 dearis.
479 1185 552 1231 Im
583 1182 795 1235 Abrine.
821 1198 873 1233 u.
907 1182 1010 1231 Erl.
1040 1184 1059 1230 1
1090 1181 1225 1232 steht
1253 1197 1350 1231 nur
1378 1183 1470 1232 sed
1496 1185 1609 1248 ipse
1641 1183 1878 1236 videaris.

372 1271 441 1321 46
461 1306 475 1332 ,
518 1278 592 1319 193
628 1277 682 1320 ut
710 1284 802 1318 sua
830 1277 1010 1334 sponte
1040 1270 1204 1319 aliena
1232 1269 1465 1318 dicentis.
1532 1269 1599 1319 So
1631 1270 1698 1318 ist
1735 1269 2122 1335 hauptsiichlich
2153 1270 2280 1320 nach
2313 1272 2469 1337 Jeeps

229 1340 505 1388 treffender
535 1342 852 1404 Vermutung
887 1338 1068 1390 Philol.
1096 1341 1165 1392 lv
1200 1356 1250 1405 p.
1279 1338 1381 1388 305
1411 1338 1464 1390 ff.
1495 1342 1611 1402 (sua
1639 1350 1822 1405 sponte
1842 1378 1854 1402 ,
1882 1339 2048 1388 aliena
2072 1338 2186 1404 illa)
2224 1349 2344 1390 statt
2377 1343 2469 1391 des

230 1418 501 1474 corrupten
540 1408 803 1474 spondali,
849 1410 1182 1473 spondallua,
1227 1409 1545 1475 spondialia,
1590 1410 1685 1457 wie
1727 1411 1811 1458 die
1848 1409 1938 1463 Hs,
1974 1408 2169 1470 haben,
2214 1426 2277 1458 zu
2309 1411 2468 1460 lesen.

231 1479 466 1542 (Abrinc.
497 1480 602 1530 Eri.
634 1480 731 1527 Iu.
763 1481 808 1528 11
846 1480 1102 1543 spondalli
1141 1480 1242 1528 illa.
1312 1479 1371 1529 G.
1399 1479 1652 1529 Hermann
1685 1479 1869 1545 Opusc.
1902 1481 1920 1527 1
1958 1477 2062 1529 304
2097 1488 2403 1530 vermutete:
2443 1496 2470 1528 e

231 1550 434 1613 sponda
464 1550 569 1599 illa.
626 1546 847 1598 Ribbeck
876 1549 1031 1616 Trag.
1063 1549 1172 1598 Lat.
1209 1550 1298 1601 rel.
1323 1565 1373 1614 p.
1400 1550 1497 1600 99:
1533 1549 1802 1615 splendida
1831 1549 1933 1598 illa.
1986 1548 2178 1613 Kayser
2206 1549 2291 1598 hat
2313 1565 2475 1616 spon-

232 1620 407 1669 daulia
436 1619 848 1685 ausgenommen.
857 1619 875 1679 )

371 1689 468 1754 463
498 1696 575 1738 193
606 1697 775 1738 tamen
810 1686 988 1754 [recte]
1036 1705 1191 1755 agere
1218 1689 1418 1739 Ernesti
1455 1688 1585 1752 (und
1619 1688 1745 1738 nach
1784 1671 1886 1736 ihm
1930 1688 2142 1750 Solium,
2171 1689 2303 1754 jetzt
2341 1689 2470 1738 auch

230 1758 454 1823 Kayser)
482 1765 600 1808 statt
625 1767 792 1808 tamen
823 1766 957 1807 recte
987 1774 1161 1825 agere.
2504 1806 2510 1813 ,

372 1832 460 1890 47,
494 1837 569 1879 197
600 1829 764 1878 sodali
793 1836 842 1878 et
874 1839 1143 1891 quaestore
1181 1844 1295 1878 meo
1322 1828 1442 1895 (Lg.
1469 1829 1552 1879 81.
1587 1828 1682 1893 84)
1712 1835 1833 1877 statt
1861 1827 2025 1877 sodali
2054 1842 2189 1880 meo.
2250 1828 2474 1888 (Ellendt

231 1913 287 1948 ιι.
323 1897 451 1946 nach
482 1898 585 1947 ihm
617 1889 840 1962 Ka'yser·
880 1899 1043 1948 sodali
1083 1895 1155 1962 [et
1182 1898 1473 1964 quaestore]
1506 1913 1638 1948 meo
1692 1899 1763 1946 Im
1791 1898 1996 1951 Abrinc.
2029 1898 2130 1947 Erl.
2159 1899 2177 1945 1
2206 1914 2256 1950 ιι
2291 1898 2334 1947 11
2368 1897 2478 1946 feh-

236 1969 326 2015 len
356 1968 440 2017 die
468 1968 683 2018 Worte·
716 1980 765 2018 et
796 1968 1112 2033 quaestore).

379 2054 448 2104 48
469 2092 483 2114 ‚
514 2065 589 2105 ¹99
633 2055 940 2105 renovabam
975 2063 1127 2118 atque
1158 2056 1476 2108 revocabam.
1534 2055 1726 2120 Kayser
1752 2054 1838 2103 hat
1860 2054 2000 2110 bloss
2031 2056 2336 2104 renovabam
2362 2051 2476 2102 auf·

240 2132 576 2190 genommen,
605 2127 709 2174 und
738 2124 960 2189 moglich
988 2126 1054 2175 ist
1084 2142 1140 2175 es
1167 2125 1476 2192 allerdings,
1501 2126 1622 2175 dass
1651 2126 1733 2175 die
1761 2124 1942 2173 Worte
1973 2131 2125 2187 atque
2156 2125 2476 2184 revocabam,

242 2195 329 2242 die
359 2194 409 2241 in
437 2203 590 2260 gnten
620 2197 704 2245 Hs.
736 2194 926 2259 sehlen,
955 2211 1050 2245 aus
1075 2196 1189 2245 dem
1222 2211 1315 2245 zur
1340 2196 1629 2260 Erkliirung
1660 2210 1755 2244 von
1786 2195 2093 2243 renovabam
2119 2209 2183 2243 an
2210 2196 2309 2243 den
2330 2194 2478 2243 Rand

242 2315 646 2381 geschriebenen
675 2318 975 2368 revocabam
1002 2318 1303 2368 entstanden
1327 2318 1441 2368 sind
1472 2318 1602 2383 (Erl.
1632 2319 1650 2367 Ι
1676 2316 1761 2365 hat
1788 2278 2141 2392 τθιῗιᾞξτὲὺιιιιι).

383 2392 479 2463 49,
511 2414 592 2453 200
629 2406 682 2453 in
704 2406 1083 2470 possessionem
1113 2404 1277 2454 haben
1309 2405 1389 2455 die
1421 2405 1599 2454 besten
1629 2404 1718 2454 Hs.
1752 2405 1989 2472 (Abrinc.
2020 2405 2122 2456 Erl.
2150 2402 2212 2467 l).

382 2473 477 2538 50,
502 2483 580 2522 202
617 2473 681 2524 Ut
707 2482 760 2523 tu
786 2473 910 2522 illud
947 2476 1090 2524 initio
1121 2472 1287 2524 Guelf.
1317 2474 1379 2523 A.
1407 2489 1460 2522 ιι.
1492 2490 1540 2523 a.
1574 2474 1664 2539 (-
1693 2475 1851 2524 daher
1877 2491 1934 2524 so
1963 2475 2197 2536 Lambin,
2235 2473 2479 2522 Henrich-

212 2533 463 2678 ’ἦῗιιᾶῖ)
486 2541 604 2592 statt
631 2542 696 2592 Ut
723 2543 850 2591 illud
874 2544 1038 2594 initio.
1078 2546 1307 2609 (Abrine.
1339 2561 1389 2598 u.
1425 2545 1524 2593 Erl.
1558 2546 1576 2592 1
1602 2546 1684 2594 Τιι
1715 2542 1839 2595 fflud
1869 2545 2001 2594 ohne
2028 2551 2112 2607 ιιι,
2142 2544 2244 2595 Erl.
2275 2545 2318 2591 11
2348 2542 2475 2592 Tum

241 2631 258 2662 1
301 2630 333 2662 ιι
376 2648 390 2661 .

385 2680 482 2746 53,
512 2688 592 2730 212
627 2682 817 2745 aliquid
847 2684 1128 2733 inflandum
1155 2691 1233 2733 est
1262 2683 1337 2733 illi
1374 2684 1568 2733 lenitati
1603 2682 1960 2733 Melanchthon
1987 2683 2116 2732 nach
2142 2682 2477 2745 GuilielmiuS,

244 2756 381 2804 daun
416 2752 647 2812 Ernesti,
689 2750 874 2801 Schiitz
906 2769 957 2803 ιι.
986 2755 1298 2819 neuerdings
1336 2753 1463 2801 auch
1496 2753 1691 2818 Kayser
1728 2762 1849 2803 statt
1879 2754 2070 2816 aliquid
2091 2752 2134 2817 ςι-
2163 2755 2479 2802 inflamman-

244 2826 367 2873 dum
401 2830 479 2871 est
507 2821 853 2886 (innuendum
881 2824 1043 2876 Havu.
1084 2826 1131 2876 1.
1164 2826 1196 2872 2
1225 2839 1276 2875 ιι.
1305 2837 1351 2872 a.
1412 2823 1660 2873 Lambin:
1698 2823 2101 2888 infundendum,
2131 2823 2354 2877 Ellendt:
2400 2823 2478 2872 in-

245 2893 562 2943 stillandum.
618 2891 756 2940 Koch
786 2893 819 2942 l.
849 2894 882 2945 1.
916 2893 1228 2944 entscheidet
1264 2890 1370 2943 sich
1400 2892 1512 2942 ffir:
1549 2893 1951 2953 infundendum,
1993 2895 2075 2943 ein
2101 2893 2352 2954 Verbum,
2388 2893 2481 2941 das

251 2965 368 3012 (lem
398 2963 577 3010 influat
599 2962 1006 3029 entspreehend,
1042 2963 1142 3013 den
1162 2962 1361 3029 Begriff
1379 2963 1473 3012 der
1498 2963 1779 3030 Mitteilung
1805 2963 2022 3015 sinniich
2050 2963 2288 3013 darstelle
2305 2965 2337 3024 §
2355 2962 2479 3013 300.

249 3032 372 3082 355.
410 3032 551 3081 Brut.
580 3031 662 3091 16,
690 3030 798 3094 62).

385 3101 485 3165 53,
508 3110 586 3150 213
617 3111 666 3150 et
697 3102 947 3169 principia
972 3103 1119 3152 tarda
1147 3104 1248 3153 sint
1277 3104 1331 3157 P.
1372 3103 1524 3170 (oder
1557 3102 1719 3170 [suut]
1754 3105 1968 3167 Pearce‚
2002 3101 2209 3163 Schiitz,
2238 3098 2481 3149 Henrich·

251 3186 369 3235 sen,
397 3170 615 3236 Kayser)
643 3178 764 3221 statt
788 3181 836 3222 et
861 3173 1106 3238 principia
1131 3174 1276 3222 tarda
1303 3181 1440 3223 sunt.

388 3259 457 3310 53
478 3295 492 3321 ‚
523 3268 603 3308 216
631 3259 898 3308 contrariis
924 3259 1345 3308 commotionibus
1375 3258 1657 3308 auferenda
1695 3267 1814 3308 sunt
1847 3258 1974 3324 (Lg.
2006 3255 2103 3321 20)
2135 3263 2255 3307 statt
2285 3262 2483 3304 contra-

249 3330 341 3379 riis
367 3328 791 3378 commotionibus
817 3327 855 3392 †
886 3327 1151 3377 inferenda
1180 3337 1298 3378 suut
1337 3329 1403 3378 ist
1431 3328 1705 3392 unstreitig
1742 3329 1827 3377 die
1851 3328 2068 3392 richtige
2098 3327 2305 3385 Lesart3
2347 3325 2481 3373 deun

248 3400 421 3448 weder
447 3398 732 3461 inferenda,
765 3397 896 3447 noch
924 3397 1193 3447 ecferenda
1213 3397 1499 3459 (efferenda
1520 3397 1722 3447 Abriuc.
1750 3398 1850 3447 Erl.
1872 3398 1909 3444 1.
1938 3396 2024 3460 ll),
2053 3395 2181 3447 noch
2208 3394 2483 3443 inserenda

251 3465 546 3533 (Matthiae)
576 3467 759 3533 geliiirt
788 3467 1018 3528 bierher;
1058 3466 1362 3516 infirmanda
1390 3467 1681 3530 (Walker)‚
1713 3467 1987 3516 evertenda
2016 3462 2370 3528 (Heusinger),
2403 3464 2482 3511 in-

252 3539 530 3604 fringenda
557 3535 831 3601 (Hanow),
858 3538 1104 3591 elevanda
1128 3537 1244 3586 sind
1269 3552 1364 3586 nur
1389 3538 1745 3603 Erkliirungen
1778 3552 1874 3587 vou
1902 3535 2202 3587 auferenda.

391 3625 487 3690 54,
513 3633 591 3674 216
626 3624 778 3673 etiam
802 3625 946 3673 testis
975 3638 1089 3673 esse
1115 3630 1291 3689 potes,
1323 3632 1409 3674 aut
1436 3625 1625 3674 nullam
1657 3640 1772 3675 esse
1799 3631 1960 3673 artem
1992 3622 2116 3673 salis
2150 3629 2269 3678 aut,
2312 3620 2484 3684 si‘qua

253 3703 350 3756 est,
375 3710 488 3745 eam
517 3709 610 3744 nos
637 3703 691 3743 tu
717 3694 1038 3759 potissimum
1066 3694 1289 3747 docebis.
1345 3695 1561 3745 Formell
1586 3693 1817 3745 schdrfer
1842 3694 1947 3742 und
1975 3707 2122 3742 weun
2153 3705 2271 3740 man
2300 3705 2357 3740 so
2382 3690 2482 3739 will

253 3763 383 3814 auch
410 3763 662 3830 logischer
685 3763 751 3813 ist
775 3763 857 3812 die
886 3764 1012 3828 (von
1036 3763 1234 3827 Kayser
1260 3764 1472 3814 deshalb
1501 3763 1789 3829 recipiente)
1818 3764 1997 3818 Lemrt
2019 3763 2111 3812 des
2143 3761 2349 3811 Abrinc.
2378 3760 2484 3809 und

254 3836 348 3884 der
379 3834 557 3883 beiden
585 3833 689 3883 Erl.
718 3835 978 3882 etiam-aut
1000 3835 1148 3882 testis
1174 3849 1287 3884 esse
1311 3843 1477 3898 potes,
1507 3834 1696 3883 nullam
1723 3849 1837 3883 esse
1861 3841 2019 3882 artem
2043 3832 2182 3899 salis,
2209 3838 2297 3880 aut
2317 3830 2361 3879 si
2384 3844 2485 3895 qua

255 3912 350 3966 est,
380 3919 490 3952 eam
518 3911 571 3952 tu
599 3903 919 3968 potissimum
947 3918 1039 3953 nos
1067 3903 1266 3952 docere.

393 3974 492 4033 54,
533 3982 610 4022 222
661 3971 757 4021 hoc
802 3973 968 4037 ipsum
1021 3987 1123 4021 nou
1173 3973 1369 4023 insulse
1416 3974 1814 4037 interpretantur
1870 3972 2039 4020 dicere
2085 3971 2302 4019 Ennium
2348 3969 2484 4018 Bake

267 4051 391 4093 statt
419 4042 516 4092 hoc
556 4044 722 4108 ipsum
751 4057 850 4091 nou
886 4042 1078 4093 insulse
1105 4042 1519 4107 interpretantur.
1581 4043 1761 4091 Dicere
1788 4042 1922 4090 enim
1949 4042 2091 4089 aiunt
2115 4040 2352 4089 Ennium.
2409 4040 2486 4088 Da

257 4112 476 4162 namlich
508 4113 723 4161 Ennium
769 4113 819 4160 in
857 4121 1050 4180 guten
1045 4114 1132 4162 Hs.
1171 4112 1296 4173 (Erl
1329 4114 1349 4162 1
1387 4129 1440 4165 ιι.
1483 4109 1555 4173 Il)
1590 4111 1742 4173 fehlt,
1783 4126 1841 4160 so
1882 4113 1947 4159 ist
1987 4110 2104 4160 sehr
2141 4108 2485 4159 wahrscliein

259 4182 391 4241 lich,
435 4185 557 4232 dass
586 4184 669 4232 die
696 4181 875 4231 Worte
901 4184 1035 4231 enim
1074 4183 1217 4230 aiunt
1255 4198 1351 4231 nur
1378 4184 1493 4231 eine
1529 4181 1792 4247 Corruptel
1833 4196 1930 4229 von
1964 4180 2179 4228 Ennium
2221 4181 2339 4229 sind
2381 4178 2486 4228 und

262 4251 424 4303 daher
448 4268 543 4302 aus
568 4253 684 4301 dem
712 4251 839 4301 Text
865 4250 1085 4301 entfernt
1111 4253 1317 4301 werden
1343 4255 1568 4304 miissen.
1621 4252 1821 4316 (Etwas
1844 4250 2030 4301 anders
2059 4249 2280 4314 Kayser.
2315 4252 2487 4314 itaque

361 4344 464 4386 ele.
493 4343 565 4383 DE
596 4343 762 4384 οιιΑτ.
804 4344 843 4384 2.
872 4344 989 4384 Aufl.
1950 4341 2034 4403 29
