2930 4693
480 163 611 232 218
1153 161 1255 226 DE
1283 160 1646 228 oRAronE
1669 164 1728 229 11
1768 164 1870 229 88.
1916 173 2038 229 359.

483 339 686 395 autem
713 329 922 393 formis
950 338 1126 414 atque
1155 331 1525 414 corporibus,
1555 335 1710 399 aient
1736 337 2040 408 omnihus,
2083 357 2235 420 quae
2264 339 2375 404 sub
2415 352 2744 424 aspectum

482 418 758 487 veniunt,
806 415 1160 480 admonetur
1199 419 1488 480 memoria
1527 430 1731 482 nostra
1777 428 1955 503 atque
2006 426 2316 488 excitatur.
2403 428 2530 489 Sed
2581 429 2749 492 locis

482 520 637 583 opus
666 508 786 570 eet:
828 503 1049 563 etenim
1078 520 1297 584 corpus
1323 503 1589 584 intellegi
1617 506 1748 567 sine
1775 505 1908 567 loco
1943 526 2068 569 non
2094 517 2310 589 potest.
2398 513 2608 585 Quare
2653 533 2740 577 ne

479 588 546 649 in
574 604 644 648 re
672 592 811 647 nota
840 593 902 647 et
928 586 1270 668 pervulgata
1295 587 1518 650 multus
1547 597 1608 651 et
1633 590 1897 653 insolens
1924 594 2067 664 sim,
2109 592 2260 657 locis
2300 604 2394 657 est
2431 599 2740 662 utendum

479 670 699 741 multis,
730 669 1077 743 illustribuS,
1108 671 1428 754 explicatis,
1458 674 1708 736 modicis
1736 676 2088 746 intervallis:
2131 678 2491 758 imaginibus
2521 691 2740 746 autem

479 755 808 835 agentibu8‚
840 756 1096 827 acribus,
1124 758 1439 837 insigniti&
1471 776 1622 838 quae
1644 778 1964 823 occurrere
1988 761 2379 844 celeriterque
2400 775 2740 845 percutere

479 842 745 903 animum
794 842 1041 921 possint.
1131 843 1321 915 Quam
1363 841 1703 905 facultatem
1754 852 1816 906 et
1856 849 2200 909 exercitatio
2243 848 2426 921 dabit,
2482 870 2554 913 ex
2607 872 2737 933 qua

479 926 846 987 consuetudo
874 925 1157 1004 gignitur,
1199 938 1261 988 et
1298 926 1580 990 similium
1622 928 1940 992 verborum
1981 949 2266 995 conversa
2306 941 2367 995 et
2405 935 2736 999 immutata

480 1009 715 1072 casibus
745 1017 848 1071 aut
873 1010 1146 1074 traducta
1177 1030 1249 1073 ex
1277 1022 1447 1093 parte
1478 1013 1553 1073 ad
1582 1030 1770 1092 genus
1810 1016 2034 1077 notatio
2066 1024 2126 1078 et
2164 1019 2341 1079 unius
2369 1019 2539 1081 verbi
2566 1023 2734 1083 ima·

479 1096 617 1174 gine
646 1095 826 1156 totius
855 1097 1183 1157 sententiae
1212 1097 1555 1159 informatio
1583 1099 1831 1177 pictoris
1876 1101 2180 1164 cuiusdam
2221 1105 2441 1165 summi
2480 1107 2734 1168 ratione

304 1174 513 1248 88359
528 1186 589 1239 et
615 1178 793 1240 modo
823 1179 1152 1242 formarum
1182 1182 1460 1243 varietate
1501 1181 1665 1243 locos
1706 1182 2142 1263 distinguentis.
2229 1187 2347 1248 Sed
2394 1188 2731 1252 verborum

476 1264 783 1335 memoria,
814 1282 965 1345 quae
995 1265 1194 1327 minus
1224 1274 1313 1327 est
1341 1266 1514 1327 nohis
1543 1269 1896 1338 necessaria,
1930 1271 2155 1331 maiore
2174 1271 2502 1350 imaginum
2528 1277 2728 1336 varie-

477 1355 598 1410 tate
648 1347 1046 1427 distinguitur.
1132 1350 1314 1419 Multa
1361 1351 1522 1414 enim
1572 1360 1711 1413 sunt
1758 1353 1966 1424 verba,
2028 1374 2182 1435 quae
2242 1358 2410 1437 quasi
2476 1359 2729 1420 articuli

476 1441 839 1496 connectunt
867 1434 1136 1497 membra
1164 1437 1469 1506 orationiS,
1502 1455 1652 1516 quae
1683 1437 1931 1501 formari
1958 1439 2345 1501 similitudine
2374 1440 2543 1503 nulla
2570 1462 2722 1522 pos-

472 1527 642 1588 sunt;
675 1536 882 1580 eorum
911 1518 1225 1600 fingendae
1255 1520 1426 1582 nohis
1454 1529 1594 1583 sunt
1620 1522 1926 1602 imagineS,
1956 1522 2172 1604 quibus
2196 1543 2434 1605 semper
2454 1534 2726 1590 utamur.

1643 1746 1772 1804 tung
1804 1755 1908 1790 von
1943 1740 2034 1789 der
2066 1743 2266 1808 species
2300 1742 2394 1793 auf
2419 1743 2512 1794 das
2544 1758 2721 1809 genus

1641 1809 1899 1872 iibertrt‘igt
1943 1809 2050 1858 und
2094 1809 2254 1859 durch
2287 1811 2380 1861 das
2416 1811 2533 1861 Bild
2566 1813 2720 1863 eines

1641 1875 1850 1925 Wortea
1880 1877 2026 1926 einen
2051 1891 2252 1941 ganzen
2276 1877 2556 1929 Gedanken
2587 1880 2718 1929 dar·

1640 1944 1780 1994 stellt
1834 1944 2159 2006 (vermittelst
2200 1945 2290 1995 des
2325 1947 2712 2010 symbolischeu

1639 2012 1958 2062 Ausdrueks.
1976 2012 2167 2078 Top.8‚
2186 2022 2237 2063 35
2255 2015 2432 2076 Itaque
2449 2013 2548 2064 hoc
2564 2015 2715 2065 idem

470 2075 587 2139 der)
614 2076 719 2126 und
752 2075 1020 2125 leiblichen
1044 2075 1323 2127 sinnlichen
1350 2078 1533 2144 Dinge.
1638 2079 1939 2129 Aristoteles
1967 2070 2249 2146 σύμβολον
2280 2081 2528 2147 appellat,
2567 2084 2713 2144 quod

466 2143 841 2195 locis—daher
863 2146 1058 2194 kommt
1082 2158 1137 2194 es
1156 2142 1266 2194 hier
1282 2159 1536 2211 vorzugs·
1637 2145 1791 2196 latine
1825 2158 1903 2196 est
1937 2160 2076 2210 nota,
2125 2149 2298 2197 woher
2329 2150 2547 2208 notatio,
2583 2152 2714 2213 quia

465 2213 620 2262 weise
654 2213 749 2262 auf
777 2213 919 2263 diese
952 2210 1337 2264 mnemonische
1369 2215 1536 2280 Topik
1636 2224 1757 2264 sunt
1783 2217 1935 2264 verba
1957 2230 2126 2265 rerum
2153 2214 2347 2281 notae).

465 2296 549 2330 an.
1697 2284 1919 2346 pictoris
1942 2293 2038 2332 etc.
2052 2320 2066 2344 ,
2091 2284 2187 2333 wie
2211 2285 2294 2333 ein
2319 2282 2570 2350 tfichtiger
2592 2286 2704 2335 Ma·-

534 2364 722 2413 corpua
752 2375 822 2385 —-
853 2348 979 2400 alles
1002 2364 1108 2401 was
1143 2348 1404 2401 leiblicher
1428 2349 1530 2401 Na·
1634 2350 1723 2410 ler,
1751 2352 1841 2401 der
1864 2350 1955 2400 auf
1974 2351 2153 2401 seinen
2178 2350 2454 2402 Gemalden
2478 2354 2564 2403 die
2580 2354 2708 2403 Per·

468 2424 551 2466 tur
573 2419 655 2467 ist.
691 2420 896 2479 multus,
924 2416 955 2479 §
981 2417 1066 2467 17.
1633 2420 1860 2482 spective
1905 2419 2012 2468 und
2051 2419 2326 2470 Distanzen
2377 2420 2565 2483 (locoS,
2615 2422 2703 2471 die

534 2486 829 2550 explicatis,
855 2486 974 2536 dass
1000 2487 1081 2536 die
1105 2485 1205 2535 loci
1229 2500 1282 2535 u.
1303 2486 1353 2534 in
1372 2485 1532 2551 Folge
1630 2484 2161 2553 Raumverhaltnisse)
2173 2487 2330 2537 durch
2345 2488 2701 2538 dieversehie-

465 2553 653 2604 dessen
672 2552 805 2603 auch
824 2555 909 2604 die
927 2554 1176 2619 imagines
1196 2552 1333 2603 nicht
1352 2553 1403 2603 in
1419 2554 1530 2603 ein·
1634 2554 1764 2603 dene
1790 2552 1977 2604 Grosse
1999 2555 2106 2604 und
2130 2554 2328 2619 Aniage
2361 2555 2454 2604 der
2477 2557 2702 2620 Figuren

538 1740 782 1790 intuendo
815 1763 884 1774 -
913 1745 1064 1789 unter
1100 1737 1218 1788 dem
1252 1738 1541 1790 sichtbaren

470 1804 663 1870 Trager
694 1805 841 1870 (dem
863 1804 1004 1871 Bild)
1039 1806 1166 1856 wird
1196 1806 1286 1856 der
1307 1806 1541 1857 unsicht-

470 1874 593 1922 bare
618 1873 859 1924 Gedanke
884 1872 1240 1937 sestgehalten.

539 1948 633 1990 358.
658 1941 761 1991 His
784 1948 949 1991 autem
967 1942 1152 2004 for-mia
1173 1950 1325 2008 atque
1349 1958 1538 2008 corpo·

468 2007 634 2070 ribus,
672 2006 756 2058 die
791 2008 1082 2058 sichtbaren
1107 2007 1365 2059 Gestalten
1403 2011 1535 2074 (Bil-

461 2622 622 2672 ander
644 2621 819 2671 fallen.

530 2691 739 2740 modicia
756 2689 1053 2748 inter-vallic,
1072 2688 1137 2739 ad
1156 2689 1271 2740 Her.
1284 2690 1356 2740 111
1375 2687 1456 2753 19,
1477 2698 1531 2741 32

459 2757 728 2807 intervalla
772 2757 998 2807 locorum
1044 2757 1316 2806 mediocria
1360 2757 1531 2823 placet

463 2839 601 2886 esse,
640 2824 745 2873 fere
778 2824 949 2889 paullo
985 2824 1102 2889 plus
1127 2826 1410 2875 autminus
1432 2840 1529 2891 pe-

460 2892 582 2943 dum
607 2892 816 2941 trinum.

527 2957 814 3023 ayentibus,
862 2955 1196 3021 ὃραστικαί,
1239 2958 1527 3025 sprechend

459 3023 930 3091 (ausdruckevoll),
961 3026 1028 3076 ad
1051 3025 1167 3075 fler.
1193 3028 1261 3077 111
1287 3025 1370 3086 23,
1395 3036 1444 3078 37
1480 3028 1529 3080 ei

458 3109 562 3146 non
606 3105 776 3145 mutas
822 3108 915 3144 nec
964 3108 1148 3160 vagas,
1195 3095 1287 3144 sed
1332 3094 1528 3158 aliquid

456 3170 668 3228 agentes
690 3163 942 3229 imagines
974 3175 1244 3230 ponemus.
1299 3161 1524 3228 acribus,

457 3230 633 3281 schari'
652 3233 990 3296 ausgepragt,
1023 3230 1117 3278 mit
1140 3228 1375 3280 echan-fen
1400 3229 1522 3281 Um·

457 3296 1340 3431 {aaaagrestianae&
1381 3297 1525 3416 ,εξε-

454 3451 570 3486 rum
597 3445 645 3485 et
664 3436 964 3502 imaginum.

527 3511 579 3555 et
599 3504 824 3554 similium
845 3502 1110 3556 verborum
1133 3506 1235 3551 etc.
1261 3527 1330 3536 -
1353 3500 1403 3549 in
1422 3500 1523 3551 Be-

460 3569 681 3635 ziehung
699 3570 791 3620 auf
804 3571 889 3620 die
906 3569 1082 3619 Wort
1096 3569 1182 3619 bil
1197 3569 1306 3619 der
1328 3566 1398 3635 (a.
1411 3569 1520 3619 ind.

455 3636 779 3703 Mnemonik)
812 3639 880 3687 ist
904 3636 1179 3688 forderlich
1202 3637 1284 3687 (lie
1305 3635 1520 3701 Etymo-

456 3707 593 3773 logie
600 3703 996 3824 §Wortbildung
1012 3706 1081 3753 im
1093 3705 1332 3755 weiteren
1345 3703 1519 3769 Sinn).

449 3776 576 3842 Top.
636 3810 650 3833 ‚
676 3782 728 3825 35
761 3787 822 3822 ea
846 3769 1089 3839 (notatio)
1124 3782 1203 3824 eet
1235 3786 1352 3822 cum
1377 3787 1442 3823 ex
1464 3774 1519 3822 vi

448 3843 671 3893 nominis
705 3849 1063 3906 argumentum
1097 3840 1315 3902 elicitur,
1365 3854 1519 3905 quam

450 3911 628 3963 Graeci
646 3901 1022 3975 ἕτυμολογίαν
1043 3917 1224 3958 vocant
1240 3909 1292 3957 id
1311 3917 1389 3959 est
1404 3923 1519 3958 ver-

448 3978 575 4028 bum
599 3993 665 4028 ex
686 3979 871 4037 verbo;
898 4002 968 4014 —-·
998 3975 1226 4027 dadurch
1249 3976 1371 4030 dana
1393 3991 1515 4027 man

449 4044 874 4095 ahnlicheWorte
892 4044 1051 4096 bildet
1069 4044 1232 4096 durch
1240 4043 1514 4096 Umwand-

444 4111 576 4175 lung
591 4112 699 4162 und
716 4111 965 4177 Beugung
980 4112 1070 4162 der
1085 4112 1364 4165 Endeilben
1383 4110 1514 4176 (De-

430 4175 714 4243 aelination)
738 4179 862 4229 oder
894 4178 1016 4229 daea
1039 4192 1160 4229 man
1181 4177 1290 4229 ihre
1312 4179 1513 4231 Redeu-

1631 2621 1890 2672 kenntlich
1914 2622 2101 2686 machi,
2127 2637 2185 2672 so
2212 2624 2310 2673 soll
2326 2623 2438 2673 sich
2456 2624 2547 2673 der
2558 2624 2702 2674 Red—

1632 2703 1722 2737 ner
1746 2688 1907 2738 durch
1931 2691 2015 2739 die
2037 2690 2367 2741 verschieden
2392 2692 2701 2755 gestalteten

1628 2756 1945 2807 Wortbilder
1991 2757 2222 2819 (Wiirter
2268 2759 2538 2809 desselben
2572 2761 2699 2824 Ety-

1628 2826 1772 2888 mon)
1795 2824 1878 2875 die
1903 2825 2060 2876 daran
2084 2825 2366 2891 geknflpfte
2389 2824 2700 2877 Gedankeu-

1629 2892 1742 2956 lage
1777 2892 1859 2943 fur
1892 2894 2003 2944 sein
2037 2891 2347 2944 Gedfichtnis
2380 2895 2698 2944 keunzeich-

1628 2975 1745 3010 nen.

1695 3025 1790 3088 88,
1830 3036 1925 3078 359.
1963 3043 2093 3094 quae
2126 3032 2277 3094 quaet·
2304 3036 2426 3086 etc..
2463 3029 2564 3078 wie
2596 3030 2700 3079 alle

1629 3094 1712 3145 die
1745 3095 1975 3155 wimer,
2024 3096 2109 3146 die
2156 3097 2307 3148 keine
2353 3096 2697 3161 cigentlichen

1626 3162 2029 3228 Begriffswiirter
2060 3164 2201 3223 sind,
2248 3164 2333 3214 die
2365 3162 2698 3229 conjunctio-

1628 3245 1755 3290 nen,
1811 3231 2225 3297 Prfipositioneu,
2272 3232 2695 3296 lutei-jectionem

1626 3298 1799 3358 Quint.
1826 3298 1899 3356 lX
1922 3300 1973 3361 2,
1998 3308 2052 3349 25
2095 3300 2237 3350 mitto
2269 3300 2408 3363 quod
2438 3301 2697 3363 quaedam

1625 3368 1774 3417 nullia
1788 3368 2073 3417 aunulacrt's
2086 3369 2367 3432 siqnificari
2377 3376 2616 3434 poscunt,
2638 3381 2700 3419 ut

1625 3441 1762 3484 certe
1784 3435 2190 3487 coniunctiones,

1693 3502 1869 3567 quibus
1888 3517 2091 3566 semper
2111 3509 2311 3553 utamur
2328 3528 2393 3540 --
2411 3504 2716 3569 εἰει-σιγῇ·-

1624 3568 1748 3619 sche
1769 3570 1988 3622 Zeicheu
2022 3571 2143 3620 oder
2164 3569 2355 3621 Bilder.
2423 3569 2529 3622 Das
2551 3573 2694 3621 ware

1624 3637 1759 3690 (lanu
1777 3637 1973 3688 ireilich
1987 3636 2116 3688 nach
2126 3637 2429 3699 Quintiliana
2446 3638 2696 3703 riehtiger

1620 3703 1947 3770 Bemerkung
1992 3706 2105 3758 eine
2159 3705 2352 3771 duplex
2407 3707 2691 3758 memoriae

1620 3787 1757 3824 cura.
1815 3772 1943 3825 Nam
1977 3774 2229 3834 quomodo
2259 3781 2499 3838 poterunt
2520 3788 2689 3839 copu-

1619 3840 1721 3891 lata
1753 3841 1934 3903 fluere,
1982 3841 2028 3890 si
2058 3851 2267 3907 propter
2299 3841 2502 3905 singula
2525 3843 2688 3891 verba

1619 3909 1686 3959 ad
1709 3908 1937 3973 singulae
1955 3908 2143 3959 formas
2159 3908 2535 3975 respiciendum
2555 3910 2691 3960 erit?

1617 3976 1784 4036 Quare
1807 3987 1857 4028 et
1881 3975 2191 4028 Charmadas
2229 3984 2279 4025 et
2302 3975 2548 4043 Scepsius
2573 3977 2681 4026 Me·

1618 4045 1877 4105 trodorua,
1914 4058 2044 4108 quoa
2070 4044 2245 4096 Cicero
2277 4044 2403 4094 dicit
2425 4058 2551 4097 usos
2582 4043 2685 4096 hae

1619 4112 2006 4174 exercitatione,
2038 4113 2140 4165 sibi
2170 4110 2390 4162 habeant
2411 4127 2540 4176 sua3
2585 4127 2683 4164 nos

1615 4179 1926 4244 simpliciora
1945 4180 2224 4230 tradamus.
