2930 4693
886 199 984 260 DE
1016 199 1370 263 ORATORE
1398 200 1425 262 l
1456 200 1557 263 36.
1594 207 1711 262 165.
1741 209 1859 262 166.
2402 212 2484 273 57

252 369 459 431 lector.
543 368 713 430 Nunc
765 386 936 439 vero,
993 370 1231 439 Crasse,
1285 388 1416 433 mea
1471 389 1705 452 quoque
1746 371 1924 433 etiam
1965 391 2140 435 causa
2170 392 2344 455 rogo,
2398 384 2481 447 ut,

253 456 531 534 quoniam
553 460 780 514 tantum
804 451 1093 515 habemus
1116 456 1237 525 otii,
1269 463 1555 536 quantum
1586 459 1704 517 iam
1736 456 1836 517 diu
1867 457 2038 519 nobis
2068 476 2188 519 non
2218 462 2481 539 contigit,

252 558 327 600 ne
358 540 619 618 graveris
677 537 1062 600 exaedificare
1115 539 1174 599 id
1206 559 1379 619 opuS,
1414 540 1575 620 quod
1602 542 1923 603 instituisti.
2013 543 2290 606 Formam
2321 547 2481 606 enim

249 626 429 685 totius
470 625 693 702 negotii
737 624 1016 702 opinione
1064 622 1372 686 meliorem
1413 626 1819 706 maioremque
1851 626 2051 696 video;
2097 646 2274 709 quam
2307 629 2479 690 vehe-

250 716 483 770 menter
512 707 722 788 probo.
1979 756 1985 765 ,

417 793 764 863 Enimvero,
808 794 1001 873 inquit
1030 791 1341 857 CRASSUS
1363 838 1382 873 ,
1424 797 1633 857 mirari
1662 797 1802 858 satis
1831 814 1953 858 non
1984 814 2137 876 queo
2168 799 2347 858 etiam
2377 792 2653 865 1636165

251 878 435 949 haec,
469 876 777 948 Scaevola,
811 878 1183 950 desiderare,
1227 897 1379 960 quae
1410 898 1606 961 neque
1638 898 1749 960 ego
1783 889 1973 952 teneo,
2007 883 2093 943 uti
2124 883 2210 951 ei,
2243 884 2346 962 qui
2376 882 2481 945 do-

249 970 418 1035 cent,
461 980 660 1044 neque
701 969 840 1023 sunt
870 964 994 1024 eius
1025 965 1291 1042 generis,
1334 972 1427 1036 ut,
1473 967 1524 1029 si
1564 967 1787 1047 optime
1827 972 2124 1037 tenerem,
2171 965 2347 1046 digna
2390 986 2482 1028 es-

252 1055 384 1109 sent
412 1050 523 1109 ista
554 1049 841 1128 sapientia
871 1066 940 1109 ac
970 1050 1087 1109 tuis
1116 1048 1377 1111 aurihuS.

416 1131 543 1195 Ain’
592 1134 693 1194 tu?
743 1134 937 1213 inquit
978 1131 1132 1195 ille.
1215 1135 1279 1195 Si
1318 1134 1392 1195 de
1432 1136 1562 1196 istis
1604 1135 2018 1198 communibus
2061 1144 2121 1198 et
2148 1139 2483 1217 pervagatis

246 1219 342 1279 vix
372 1219 512 1279 huic
542 1219 719 1280 aetati
749 1218 1105 1279 audiendum
1136 1226 1340 1298 putas,
1375 1221 1633 1281 etiamne
1663 1220 1762 1282 illa
1794 1219 2114 1300 neglegere
2143 1241 2476 1301 possumus,

248 1322 398 1383 quae
428 1310 493 1365 tu
522 1305 746 1364 oratori
776 1303 1187 1382 cognoscenda
1228 1322 1356 1364 esse
1388 1303 1614 1375 dixisti,
1661 1305 1736 1366 de
1766 1307 1994 1367 naturis
2023 1306 2362 1376 hominum,
2409 1306 2483 1367 de

248 1387 541 1459 moribus,
575 1387 649 1448 de
672 1387 1001 1450 rationibus
1026 1389 1110 1449 eis
1126 1435 1140 1460 ‚
1172 1387 1386 1468 quibus
1414 1390 1724 1451 hominum
1754 1397 1984 1452 mentes
2009 1397 2069 1452 et
2088 1393 2482 1454 incitarentur

249 1480 309 1534 et
339 1475 813 1553 reprimerentur
836 1521 851 1543 ,
893 1473 967 1533 de
999 1473 1275 1544 historia,
1316 1473 1390 1535 de
1433 1475 1812 1554 antiquitate,
1856 1475 1930 1536 de
1973 1474 2481 1538 administratione

247 1560 337 1618 rei
377 1557 648 1637 publicae
674 1606 692 1630 ,
746 1557 1007 1638 denique
1045 1557 1118 1618 de
1160 1565 1365 1620 nostro
1396 1560 1527 1639 ipso
1555 1561 1687 1620 iure
1718 1557 1911 1620 civili?
1982 1560 2148 1620 Hanc
2181 1562 2339 1621 enim
2371 1578 2481 1639 ego

247 1661 483 1704 omnem
508 1644 815 1704 scientiam
841 1652 901 1704 et
922 1643 1151 1721 copiam
1173 1661 1378 1705 rerum
1399 1642 1463 1704 in
1486 1651 1586 1705 tua
1607 1643 1924 1723 prudentia
1955 1642 2214 1705 sciebam
2246 1646 2473 1714 iuesse;

245 1729 308 1788 in
337 1729 589 1790 oratoris
629 1746 767 1789 vero
817 1729 1211 1790 instrumento
1252 1736 1374 1790 tam
1404 1728 1622 1790 lautam
1653 1725 2121 1810 suppellectilem
2152 1747 2476 1809 numquam

247 1812 532 1874 videram.
621 1832 626 1839 ·
1157 1877 1159 1879 ,
2114 1870 2127 1877 ,

413 1898 590 1959 Potes
620 1899 831 1976 igitur,
874 1899 1066 1978 inquit
1095 1895 1406 1960 CRASSUS
1441 1896 1526 1975 (ut
1554 1897 1667 1960 alia
1708 1899 1976 1960 omittam
2020 1896 2483 1960 innumerabilia

247 1991 307 2044 et
334 1985 622 2044 immensa
666 1989 725 2043 et
766 1982 840 2043 ad
867 1983 1063 2062 ipsum
1104 1990 1272 2045 tuum
1313 1984 1407 2045 ius
1437 1982 1608 2044 civile
1636 1983 1919 2065 veniam),
1953 1991 2222 2046 oratores
2251 1991 2465 2064 putare

246 2086 350 2128 eos
371 2116 386 2138 ,
439 2086 586 2148 quos
638 2066 850 2129 multas
893 2067 1070 2128 horas
1111 2069 1465 2148 expectavit,
1522 2087 1657 2130 cum
1699 2070 1763 2131 in
1793 2087 2069 2149 campum
2098 2077 2472 2149 properaret,

247 2161 307 2212 et
356 2153 559 2213 ridens
617 2160 676 2214 et
705 2152 1080 2215 stomachans
1124 2152 1436 2224 Scaevola,
1492 2173 1629 2215 cum
1667 2153 1974 2235 Hypsaeus
2024 2154 2280 2214 maxima
2308 2171 2470 2223 voce,

243 2236 515 2317 plurimis
544 2236 739 2298 verbis
770 2256 803 2299 a
832 2238 908 2298 M.
935 2238 1146 2299 Crasso
1175 2245 1452 2318 praetore
1483 2238 1902 2305 contenderet,
1934 2244 2001 2299 ut
2030 2239 2120 2309 ei,
2167 2256 2345 2317 quem
2376 2237 2476 2297 de-

245 2321 541 2394 fendebat,
575 2340 748 2385 causa
781 2322 995 2384 cadere
1035 2321 1274 2394 liceret,
1322 2323 1431 2386 Cn.
1461 2331 1659 2386 autem
1692 2322 1993 2392 Octavius,
2038 2323 2218 2384 homo
2265 2340 2476 2384 consu·
2600 2367 2651 2404 s

244 2407 385 2469 laris
407 2457 423 2479 ,
477 2426 597 2468 non
640 2409 835 2469 minus
876 2407 1052 2487 longa
1083 2409 1351 2470 oratione
1391 2416 1725 2481 recusaret,
1779 2428 1854 2472 ne
1906 2409 2275 2470 adversarius
2305 2426 2481 2469 causa

2523 1901 2625 1954 166

314 2586 406 2629 164.
451 2594 563 2628 mea
604 2594 800 2644 quoque
839 2579 1014 2638 etiam,
1064 2579 1209 2627 Verr.
1249 2579 1325 2627 111-
1419 2578 1579 2641 civili,
1618 2605 1685 2613 —
1719 2578 1863 2626 cuius
1898 2576 2108 2627 scientia
2152 2577 2377 2641 neglecta
2418 2579 2483 2626 ab

242 2644 326 2708 88,
345 2655 423 2696 206
446 2654 502 2695 ut
526 2647 752 2695 omittam
772 2672 837 2681 -—
856 2645 1106 2695 eiusmodi
1129 2656 1316 2707 cetera,
1418 2647 1702 2696 oratoribus
1736 2644 1997 2710 plerisque
2032 2645 2178 2695 nobis
2213 2646 2281 2695 ad
2315 2645 2484 2694 dicen-

245 2730 377 2778 quae
412 2714 627 2763 forsitan
662 2713 746 2763 alii
771 2727 975 2777 quoque
1000 2713 1149 2762 etiam
1173 2713 1310 2763 fece-

1418 2714 1540 2763 dum
1565 2713 1854 2762 necessaria
1875 2712 2092 2763 videtur.
2141 2712 2224 2765 Or.
2248 2710 2331 2775 34,
2353 2722 2428 2764 119
2445 2712 2484 2763 f.

243 2783 369 2844 rint,
415 2796 565 2831 wenn
607 2781 745 2831 nicht
775 2782 867 2830 mit
899 2779 1195 2845 Beziehung
1226 2780 1318 2831 auf
1416 2783 1501 2831 lus
1544 2780 1692 2830 civile
1731 2787 1902 2829 teneat
1935 2779 2153 2843 (orator)
2189 2794 2288 2843 quo
2333 2789 2484 2845 egent

243 2851 336 2899 das
352 2847 771 2914 vorausgehende
782 2856 933 2899 antea
953 2864 1001 2899 a.
1018 2865 1066 2898 u.
1082 2848 1157 2899 St.
1172 2849 1311 2899 bloss

241 2921 344 2967 iam
371 2932 434 2967 zu
461 2916 600 2966 lesen
627 2918 710 2967 ist.
1250 2919 1255 2924 '

311 2985 544 3035 Formam
575 2988 733 3036 totius
767 2985 986 3050 negotii,
1029 2984 1310 3049 gleichsam

243 3053 344 3102 den
377 3051 653 3103 Grundriss
696 3053 819 3102 oder
860 3052 942 3102 die
979 3052 1175 3117 Aulage
1216 3053 1310 3104 des

239 3135 439 3185 ganzen
463 3120 615 3171 Baus.

310 3191 547 3254 opinione
568 3214 639 3224 -
660 3191 1014 3254 maioremque,
1041 3187 1180 3239 Brut.
1212 3186 1259 3252 1,
1288 3198 1309 3239 1

242 3257 486 3323 opinione
504 3258 729 3307 omnium
749 3256 987 3306 maiorem
1009 3257 1177 3306 animo
1197 3257 1312 3322 cepi

242 3325 489 3375 dolorem.
1241 3330 1245 3332 ’

312 3401 404 3444 165.
429 3389 573 3450 Αἱπ’,
600 3393 683 3444 01.
707 3391 792 3451 45,
817 3400 895 3441 254
918 3405 1009 3457 pro
1037 3390 1232 3453 ‘aisne’‚
1255 3392 1309 3440 in

240 3460 332 3510 der
352 3459 726 3524 Widerlegung
745 3460 837 3508 wie
864 3460 1000 3508 itane
1013 3461 1038 3509 ἓ
1061 3459 1197 3509 itane
1219 3474 1309 3509 ve·

239 3528 332 3577 ro?
355 3527 457 3577 ain’
472 3541 590 3577 vero
603 3529 627 3577 ⁶?
644 3524 745 3576 ain’
761 3527 967 3577 tandem
980 3527 1005 3576 ⁴?
1025 3526 1224 3576 ‘meinst
1242 3527 1313 3576 du

240 3593 504 3645 wirklich?
529 3609 586 3645 so
599 3596 638 3645 ‘3’
681 3594 819 3645 Brut.
845 3594 929 3657 41,
959 3602 1049 3644 142.
1095 3593 1314 3658 Seyffert

245 3662 354 3713 sch.
383 3663 469 3712 lat.
496 3679 548 3729 p.
579 3661 693 3713 143.

307 3731 550 3781 mentibus
572 3728 603 3796 S
633 3729 715 3781 17.

309 3806 517 3858 nostrO,
543 3799 672 3848 Eiul.
700 3800 721 3847 Ι
744 3794 775 3864 S
801 3798 882 3858 14,
913 3807 1003 3850 162.

311 3874 402 3917 166.
438 3868 620 3930 ἐρίων,
657 3867 771 3916 weil
807 3866 874 3916 du
908 3866 1121 3926 maiust,
1171 3865 1308 3915 diess

239 3950 360 3984 vom
406 3934 611 3985 Reduer
665 3934 927 3998 verlangte
972 3933 1185 3982 Wisseu
1232 3934 1308 3983 sei

239 4001 381 4052 bloss
408 4011 562 4054 etwas
575 4002 952 4060 individuelles‚
966 3999 1153 4066 gehore
1173 4000 1310 4050 nicht

242 4085 304 4119 zu
331 4070 525 4120 seinem
554 4069 702 4121 Fach.

308 4140 386 4189 ius
410 4140 579 4199 civile,
605 4138 688 4188 Or.
715 4144 845 4204 part.
872 4135 964 4196 28,
993 4144 1066 4185 100
1099 4152 1312 4200 quarum

240 4219 509 4257 causarum
545 4222 709 4271 genus
745 4216 823 4255 est
856 4206 1082 4271 positum
1119 4206 1168 4253 in
1204 4206 1313 4254 iure

343 4295 447 4339 cle.
476 4296 547 4337 DE
577 4295 746 4337 ORAT.
776 4295 813 4337 2.
847 4292 959 4335 Auss.

1413 2863 1598 2898 causae
1610 2847 1841 2898 forenses
1855 2847 2056 2899 cotidie.
2093 2848 2226 2908 Quid
2252 2857 2328 2897 est
2347 2849 2485 2897 euim

1412 2916 1630 2982 turpiu8‚
1659 2930 1809 2979 quam
1829 2914 2167 2980 legitimarum
2187 2926 2236 2964 et
2257 2915 2486 2965 civilium

1412 2984 1871 3035 controversiarum
1900 2984 2180 3049 patrocinia
2205 2984 2482 3049 suscipere,

1412 3067 1529 3102 cum
1551 3053 1621 3102 sis
1646 3051 1819 3116 legum
1838 3058 1887 3100 et
1910 3051 2034 3100 iuris
2054 3049 2217 3101 civilis
2238 3052 2484 3115 ignarus?

1411 3147 1477 3156 —
1513 3119 1678 3170 Ueber
1724 3119 1807 3169 die
1856 3118 2258 3185 nachfolgenden
2292 3120 2485 3184 privat-

1412 3185 1723 3238 reohtlichen
1734 3185 1872 3237 Faue
1886 3185 2028 3236 siche
2039 3187 2145 3237 ind.
2155 3201 2197 3237 s.
2214 3185 2481 3237 v.Reohts-

1410 3254 1551 3307 falle.

1482 3321 2031 3390 quos—exspectavit,
2058 3318 2282 3369 namlich
2308 3320 2383 3370 bis
2408 3320 2483 3369 sie

1413 3391 1572 3455 fertig
1593 3404 1791 3451 waren;
1818 3390 1952 3439 denn
1981 3404 2034 3437 er
2057 3386 2267 3452 gehorte
2293 3403 2358 3436 zu
2382 3386 2484 3436 (1611

1411 3460 1729 3509 Assessoren
1761 3458 1855 3507 des
1887 3454 2117 3505 Gerichts
2161 3454 2268 3504 und
2312 3453 2484 3504 durfte

1414 3525 1573 3576 daher
1606 3539 1698 3575 vor
1733 3524 1946 3574 Schluss
1988 3524 2079 3573 der
2110 3520 2484 3585 Verhandlung

1413 3593 1553 3643 nicht
1576 3607 1717 3656 weg,
1752 3608 1857 3643 was
1891 3606 1977 3641 um
2012 3587 2070 3640 sb
2097 3588 2484 3656 empfindlieher

1411 3677 1530 3722 war,
1553 3661 1630 3711 als
1651 3660 1742 3710 das
1764 3659 1845 3709 fur
1867 3659 1966 3708 den
1986 3656 2482 3723 tiichtigenJuristen

1412 3745 1472 3779 so
1520 3726 1825 3778 lacherliche
1870 3724 2066 3776 Gerede
2110 3724 2199 3774 ihn
2242 3740 2329 3774 um
2369 3725 2480 3774 sein

1410 3794 1790 3861 gewohnliches
1823 3793 2059 3860 Ballspiel
2084 3792 2178 3843 auf
2195 3792 2312 3842 dem
2341 3806 2479 3840 carn-

1411 3880 1512 3931 pus
1525 3864 1733 3916 Martius
1755 3879 1817 3913 zu
1838 3862 2049 3926 bringen
2068 3856 2478 3924 drohte(S2l7).

1484 3948 1626 3997 quem
1660 3930 1988 3994 defendebat,
2038 3927 2265 3978 insoi’ern
2312 3941 2366 3975 er
2398 3927 2481 3976 die

1414 3999 1713 4062 Forderung
1736 3999 1828 4048 des
1841 3996 2075 4065 Miindels
2100 3996 2175 4045 als
2200 3993 2475 4044 16611111ιό6-

1414 4069 1495 4132 sig
1516 4064 1838 4130 behauptete.

1484 4135 1626 4184 homo
1660 4134 1970 4191 consularis,
2023 4146 2108 4179 um
2141 4145 2197 4180 so
2233 4127 2477 4194 schimpf·

1416 4202 1571 4253 licher
1594 4216 1697 4250 war
1721 4200 1804 4250 die
1826 4199 2097 4250 Unkunde.

2036 4287 2072 4348 8
