2930 4693
821 184 920 248 DE
963 184 1320 250 ORATORE
1362 176 1441 249 111·
1485 187 1587 250 53.
1632 193 1755 247 204.
1804 186 1924 248 205.

2363 196 2487 260 305

250 352 394 419 tima
423 357 591 438 quasi
618 358 989 435 percontatio
1020 357 1428 438 expositioque
1457 359 1790 421 sententiae
1813 376 1988 429 suae;
2027 368 2152 423 tum
2180 359 2302 434 illa,
2334 380 2487 444 quae

248 442 507 504 maxime
536 442 705 521 quasi
732 443 944 521 irrepit
970 442 1032 502 in
1063 442 1373 504 hominum
1403 451 1661 515 monteS,
1704 443 1818 506 alia
1861 443 2113 507 dicentis
2151 465 2222 509 ac
2263 448 2485 528 signifi·

249 527 441 589 cantis
470 525 886 597 dissimulatio;
919 545 1071 607 quae
1101 533 1193 589 est
1216 528 1603 607 periucunda,
1636 548 1769 590 cum
1799 531 1864 591 in
1895 531 2162 594 oratione
2192 550 2313 592 non
2344 551 2488 595 con-

248 613 536 681 tentione,
568 610 674 674 sed
703 629 981 673 sermone
1010 618 1326 682 tractatur:
1373 612 1590 675 deinde
1620 612 1938 685 dubitatio,
1971 623 2096 677 tum
2127 616 2481 687 distributio,

246 706 377 760 tum
418 697 710 757 correctio
752 695 843 757 vel
885 704 1022 758 ante
1069 695 1160 758 vel
1202 705 1518 778 postquam
1557 699 1784 765 dixeris
1822 699 1912 761 vel
1945 718 2080 762 cum
2111 700 2329 782 aliquid
2360 720 2393 763 a
2423 692 2485 764 te
2537 741 2544 745 ·

245 785 380 862 ipso
407 782 670 851 reiicias;
716 782 1115 861 praemunitio
1142 784 1318 845 etiam
1351 791 1444 845 est
1472 783 1543 845 ad
1573 783 1652 854 id,
1684 784 1843 865 quod
1872 784 2241 864 aggrediare,
2274 793 2335 848 et
2364 794 2482 849 tra·
2512 795 2616 847 204

243 868 426 930 iectio
455 868 518 928 in
549 864 758 936 alium;
805 867 1292 939 communicatio,
1325 886 1476 949 quae
1508 875 1599 932 est
1626 870 1796 950 quasi
1825 887 1961 935 cum
1992 872 2078 931 eis
2104 871 2279 955 ipsis,
2328 872 2486 953 apud

246 969 399 1035 quos
429 952 608 1021 dicas
643 948 1017 1022 deliberatio;
1056 970 1291 1014 morum
1323 971 1392 1013 ac
1422 954 1574 1015 vitae
1603 954 1851 1016 imitatio
1882 954 1973 1017 vel
2000 957 2064 1016 in
2093 959 2366 1036 personis
2394 955 2484 1023 vel

245 1039 379 1098 sine
406 1035 538 1106 inis,
570 1054 850 1115 magnum
878 1035 1175 1116 quoddam
1199 1044 1614 1100 ornamentum
1645 1040 1928 1101 orationis
1952 1046 2011 1101 et
2031 1048 2233 1120 aptum
2262 1042 2335 1104 ad
2359 1044 2483 1103 ani-

244 1139 380 1185 mos
410 1119 807 1182 conciliandos
837 1120 928 1182 vel
958 1123 1230 1192 maxime,
1263 1128 1440 1203 saepe
1464 1130 1662 1185 autem
1693 1126 1869 1187 etiam
1901 1125 1974 1186 ad
1998 1128 2483 1198 commovendos;

242 1224 638 1288 personarum
670 1206 804 1267 ficta
832 1206 1097 1267 inductio
1127 1205 1217 1267 vel
1248 1208 1656 1286 gravissimum
1695 1207 1899 1271 lumen
1928 1210 2212 1290 augendi;
2260 1211 2480 1274 descri-
2511 1220 2615 1274 205

242 1293 401 1372 ptio,
434 1291 658 1353 erroris
685 1290 949 1352 inductio
965 1340 981 1362 ,
1013 1291 1087 1352 ad
1117 1291 1477 1389 bilaritatem
1504 1293 1800 1373 impulsio,
1833 1297 2310 1376 anteoccupatio;
2356 1305 2483 1359 tum

316 1481 466 1547 quasi
476 1481 802 1544 percontatio
821 1481 1181 1545 expositioque
1197 1496 1313 1530 sen-

244 1552 440 1615 tentiae
461 1563 602 1608 suae,
628 1544 695 1596 ad
718 1546 835 1598 Her.
863 1548 930 1596 1v
958 1546 1040 1609 23,
1068 1556 1119 1598 33
1141 1548 1312 1599 subie-

242 1620 349 1670 ctio
373 1624 476 1674 est,
514 1630 629 1665 cum
663 1616 1034 1679 interrogamus
1069 1615 1314 1665 adversa-

240 1679 351 1738 rios
375 1692 462 1737 aut
487 1683 781 1746 quaerimus
803 1682 907 1748 ipsi
930 1698 959 1732 a
984 1684 1162 1747 nobis,
1190 1683 1314 1748 quid

241 1756 310 1806 ab
336 1752 440 1803 illis
463 1758 555 1802 ant
577 1752 701 1815 quid
725 1758 899 1801 contra
923 1766 1017 1801 nos
1052 1751 1156 1801 dici
1187 1766 1312 1818 pos-

241 1824 344 1886 sit3
382 1820 567 1871 deinde
591 1819 893 1869 subiicimus
918 1819 989 1882 id,
1006 1819 1142 1884 quod
1167 1833 1314 1886 opor-

242 1899 321 1943 tet
342 1890 463 1940 dici.
492 1906 517 1928 t

313 1957 669 2017 dissimulatio,
708 1949 1000 2021 εἰρωνεία,
1037 1954 1192 2020 1167,
1217 1965 1310 2007 269.

241 2045 349 2081 non
381 2026 701 2077 contentione
733 2025 843 2081 sed,
858 2039 1123 2088 sermone,
1173 2023 1312 2074 nicht

239 2098 316 2146 im
366 2091 731 2158 cigentlichen‚
780 2100 1019 2156 strengen
1061 2092 1310 2155 Redeton‚

241 2164 471 2215 sondern
519 2160 662 2210 mehr
707 2160 776 2208 im
810 2159 1310 2223 Conversationstmi,

238 2232 277 2300 S
313 2300 579 2360 dubitatio,
603 2285 1206 2363 dtandqnotffioinooloc.
1245 2297 1310 2348 ad

238 2371 362 2421 Her.
389 2368 460 2419 IV
483 2363 577 2428 29,
601 2374 652 2415 4ο
685 2366 736 2415 d.
774 2373 878 2426 est,
914 2380 1032 2415 cum
1068 2379 1310 2429 quaerere

238 2438 446 2488 videtur
470 2441 664 2494 orator,
702 2440 868 2483 utrum
904 2433 969 2483 de
993 2433 1194 2483 dnobus
1217 2447 1311 2500 po-

239 2508 347 2556 tius
371 2511 461 2554 aut
485 2502 609 2566 quid
635 2502 699 2552 de
722 2501 956 2567 pluribus
985 2501 1309 2567 potissimum

241 2576 396 2625 dicat.
445 2571 617 2632 Quint.
645 2569 719 2619 IX
741 2570 804 2633 2,
833 2578 881 2619 19
914 2569 1062 2618 affert
1085 2570 1308 2633 aliquam

237 2643 399 2693 fidem
425 2638 655 2689 veritatis
681 2646 731 2686 et
765 2637 1043 2696 dubitatio,
1081 2651 1200 2686 cum
1234 2638 1309 2687 si·-

237 2709 499 2760 mulamus
527 2720 768 2769 quaerere
793 2719 912 2767 nos,
949 2705 1086 2755 unde
1120 2706 1307 2771 incipi-

241 2777 462 2839 endum,
488 2775 579 2825 ubi
604 2774 970 2834 desinendum,
998 2773 1120 2835 quid
1144 2774 1305 2839 potis·

239 2847 431 2898 simum
460 2842 756 2902 dicendum,
788 2856 857 2890 an
891 2841 1096 2891 omnino
1132 2841 1305 2891 dicen-

239 2916 370 2966 dum
389 2912 494 2963 sit?

313 2980 618 3041 distributi0‚
645 2975 946 3043 διαίρεσις.
1002 2977 1069 3027 ad
1091 2977 1209 3028 Her.
1235 2978 1307 3027 IV

237 3051 337 3109 35,
361 3057 411 3098 47
449 3048 501 3097 d.
528 3055 630 3109 est,
668 3061 780 3095 cum
814 3046 866 3094 in
900 3044 1075 3111 plures
1110 3061 1193 3095 res
1218 3055 1307 3095 aut

233 3130 492 3187 -personas
517 3115 724 3179 negotia
748 3113 999 3177 quaedam
1024 3122 1159 3163 certa
1194 3114 1304 3164 dis—

237 3185 532 3254 pertiuntur
557 3199 602 3232 z.
617 3183 786 3235 B.wer
806 3195 904 3232 von
930 3180 1059 3231 euch
1084 3181 1167 3231 die
1177 3181 1310 3231 Ehre

240 3256 338 3305 des
374 3252 557 3302 Senats
590 3249 788 3311 uolitet,
831 3249 922 3299 der
953 3264 1096 3298 mnss
1130 3249 1309 3298 diesen

240 3317 650 3386 (Angeklagten)
699 3316 1000 3377 verachteu;
1059 3332 1162 3365 wer
1206 3317 1308 3366 den

238 3386 561 3442 Ritterstand
579 3385 991 3443 hochhiiltmmss
1017 3384 1192 3434 diesen
1219 3386 1310 3433 be-

239 3456 394 3510 straft
423 3455 593 3506 haben
627 3453 835 3510 wollen;
873 3467 977 3502 wer
1002 3452 1176 3501 Eltern
1204 3451 1309 3514 hat,

238 3540 391 3577 musa
427 3525 510 3574 die
542 3523 780 3588 Impietat
826 3521 997 3572 dieses
1034 3519 1309 3570 Menschen

239 3591 626 3644 verabscheuen
651 3606 704 3641 u.
733 3603 778 3640 s.
796 3605 860 3638 w.
896 3588 989 3637 Est
1011 3586 1139 3636 haec
1162 3595 1308 3637 exor'·

241 3662 384 3713 natio
444 3659 681 3725 copiosa,
739 3655 1128 3736 comprehendit
1173 3656 1310 3705 enim

240 3730 389 3781 brevi
412 3728 574 3777 multa
598 3741 751 3776 suum
779 3725 1058 3789 unicuique
1081 3724 1310 3773 tribuens

244 3796 470 3849 officium
497 3804 546 3845 et
570 3793 844 3859 separatim
880 3807 962 3841 res
988 3791 1169 3842 dividit
1192 3791 1311 3857 plu-

246 3881 350 3916 res.

312 3935 568 3985 correctio
595 3938 691 3981 etc.
707 3967 722 3991 ‚
757 3921 1179 3994 προὸιόρθωσις
1205 3928 1309 3979 und

238 3994 662 4067 «ἐπανόρθωσις.
1198 4054 1212 4073 1
1226 4055 1229 4058 ,

309 4078 406 4121 204.
428 4068 769 4134 praemunitio
791 4064 973 4130 gehort
996 4079 1087 4115 zur
1103 4063 1310 4128 προλη-

243 4146 378 4203 ψις,
403 4152 522 4190 cum
544 4135 601 4185 id
624 4134 762 4197 quod
784 4132 938 4183 obiici
962 4138 1131 4199 potest
1154 4146 1308 4182 occu-

242 4221 450 4273 pamus.
512 4204 685 4266 Quint.
713 4200 787 4253 IX
810 4201 867 4265 2,
897 4209 944 4251 17
968 4198 1106 4250 ffihrt
1130 4199 1209 4252 sie
1233 4189 1315 4251 al's·

1417 1480 1628 1546 Species
1649 1481 1913 1533 derselben
1941 1496 2035 1532 an:
2066 1490 2144 1532 est
2167 1484 2304 1533 enim
2324 1499 2478 1547 quae·

1417 1548 1536 1599 dam
1582 1550 1949 1614 praemunitio,
2011 1549 2176 1611 qualis
2226 1550 2481 1604 Ciceronis

1417 1625 1591 1667 contra
1629 1616 1688 1675 Q.
1718 1615 2018 1681 Caecilium,
2055 1618 2194 1680 quod
2225 1620 2293 1671 ad
2327 1634 2481 1670 accu-

1417 1685 1637 1734 sandum
1674 1684 1980 1748 descendat,
2030 1686 2117 1748 qui
2150 1702 2353 1753 semper
2389 1688 2478 1738 de·

1415 1752 1637 1883 fentfleffit
1670 1743 2158 1818 (προκατάληψις,
2187 1754 2479 1827 apost-soa-

1417 1836 1490 1871 πε
1518 1837 1556 1871 α
1587 1856 1601 1870 .

1485 1891 1720 1941 traiectio
1772 1892 1825 1940 in
1882 1892 2058 1950 alium,
2117 1883 2477 1959 μετάστασις.

1414 1958 1793 2009 communicatio
1809 1997 1825 2020 ,
1851 1949 2246 2019 ἅνακοίνωσις.
2307 1960 2477 2021 Quint.

1414 2024 1489 2075 IX
1520 2026 1579 2085 2,
1615 2035 1666 2076 20
1711 2041 1826 2077 cum
1861 2037 1949 2077 aut
1982 2027 2123 2094 ipsos
2158 2026 2480 2079 adversarios

1414 2094 1759 2157 consulimuS,
1796 2104 1884 2145 aut
1909 2111 2025 2146 cum
2049 2095 2306 2146 iudicibus
2331 2097 2478 2161 quasi

1416 2161 1776 2213 deliberamus.

1481 2246 1669 2281 morum
1691 2246 1756 2280 ae
1784 2233 1919 2281 vitae
1952 2232 2189 2291 imitatio,
2222 2229 2480 2298 μίμησις,

1414 2289 1888 2366 χαρακτηρισμός,
1903 2289 2211 2365 ἠθοποιΐα,
2233 2308 2289 2353 ut
2311 2297 2474 2351 homi-

1413 2383 1537 2418 num
1561 2381 1821 2417 sermones
1846 2381 2114 2431 moresque
2138 2368 2408 2419 describat.

1480 2444 1576 2491 205,
1642 2449 1984 2501 personarum
2044 2438 2173 2499 ficta
2229 2438 2477 2500 inductio,

1411 2500 1861 2568 προσωποποιΐα.
1929 2503 1996 2553 ad
2031 2503 2148 2554 Her.
2189 2504 2260 2553 IV
2293 2502 2390 2569 53,
2426 2514 2479 2556 66

1411 2571 1746 2635 conformatio
1794 2577 1897 2631 est,
1946 2586 2062 2621 cum
2099 2572 2296 2635 aliqua,
2346 2588 2478 2638 quae

1413 2654 1515 2690 nou
1539 2639 1704 2703 adest,
1730 2653 1953 2705 persona
1976 2638 2298 2704 confingitur,
2329 2642 2475 2705 quasi

1408 2707 1574 2773 adsit,
1611 2717 1699 2756 aut
1723 2721 1838 2756 cum
1861 2722 1945 2756 res
1970 2715 2111 2758 muta
2133 2714 2223 2757 aut
2244 2705 2476 2760 informis

1408 2775 1480 2825 sit
1500 2773 1743 2840 eloquens
1779 2783 1828 2824 et
1861 2773 2025 2825 forma
2049 2775 2098 2825 ei
2124 2784 2173 2825 et
2197 2776 2357 2826 oratio
2383 2776 2476 2826 ad-

1407 2843 1644 2893 tribuitur
1666 2843 1734 2892 ad
1758 2843 2058 2907 dignitatem
2095 2844 2476 2896 accommodata

1406 2918 1497 2961 aut
1520 2911 1654 2960 actio
1674 2912 1943 2973 quaedam.
1970 2937 2035 2948 —
2058 2910 2195 2961 Haec
2216 2913 2476 2964 exornatio

1406 3004 1477 3014 —
1508 2978 1708 3045 proficit
1745 2977 2022 3045 plurimum
2046 2979 2098 3029 in
2123 2980 2476 3047 amplificatio-

1407 3048 1489 3096 nis
1514 3048 1746 3113 partibus
1770 3057 1820 3097 et
1838 3047 2312 3100 commiserationis.
2351 3049 2474 3111 157,

1410 3123 1505 3164 245.

1479 3173 2475 3252 desmptio‚oinoypoeqnj(extorqueri).

1410 3249 1479 3300 ad
1502 3251 1618 3302 Her.
1645 3252 1716 3303 lV
1740 3247 1833 3313 39,
1858 3260 1907 3300 51
1934 3251 1985 3301 d.
2013 3252 2318 3314 nominatur,
2331 3266 2477 3316 quae

1410 3323 1580 3378 rerum
1598 3318 2016 3380 consequentiam
2034 3318 2258 3368 continet
2274 3321 2476 3385 perspi-

1412 3401 1562 3437 cuam
1587 3395 1638 3435 et
1661 3386 1933 3436 dilucidam
1966 3400 2082 3435 cum
2105 3387 2358 3450 gravitate
2383 3402 2476 3437 ex-

1411 3454 1745 3519 positionem,
1781 3470 1827 3506 z.
1853 3454 1910 3503 B.
1944 3469 2089 3503 wenn
2126 3453 2203 3503 ihr
2228 3454 2330 3504 den
2354 3453 2472 3504 frei-

1412 3522 1553 3587 gebt,
1567 3523 1736 3572 statim
1764 3522 1900 3572 sicut
1925 3536 1953 3570 e
1977 3535 2135 3571 cavea
2155 3521 2233 3573 leo
2255 3522 2475 3573 emissus

1414 3616 1480 3626 -
1512 3590 1745 3642 volitabit
1770 3598 1819 3639 et
1841 3590 2113 3653 vagabitur
2135 3590 2190 3639 in
2215 3587 2325 3640 foro
2349 3607 2403 3641 u.
2427 3606 2474 3642 s·

1410 3673 1473 3710 w.
1530 3658 1614 3707 die
1638 3657 1860 3709 lebhafte
1887 3656 2226 3723 Schilderung
2251 3659 2341 3708 der
2358 3658 2472 3710 Fol-

1412 3740 1512 3791 gen
1546 3761 1558 3775 .
1586 3725 1692 3776 Hoc
1711 3741 1899 3792 genere
1923 3726 2269 3777 exornationis
2293 3726 2373 3775 vel
2396 3727 2476 3776 in·

1414 3793 1643 3858 dignatio
1670 3794 1750 3843 vel
1773 3793 2120 3844 misericordia
2142 3801 2313 3860 potest
2336 3809 2474 3844 com-

1414 3876 1627 3911 moveri.

1483 3927 1679 3981 erroris
1711 3932 1964 3993 inductio,
2014 3929 2097 3980 die
2140 3945 2259 3979 zum
2292 3928 2472 3980 Unter-

1412 3996 1619 4048 schiede
1642 4012 1742 4047 von
1769 3998 2106 4048 Inductionen
2140 3997 2361 4047 anderen
2388 3999 2472 4049 In·

1410 4064 1546 4115 halts
1572 4081 1622 4116 u.
1642 4066 1848 4117 Zwecks
1873 4065 1968 4116 auf
1985 4064 2084 4114 den
2110 4078 2247 4115 error
2270 4066 2474 4127 abzielt‚

1414 4132 1789 4199 ‘Irreleitung,'
1829 4133 1913 4183 ‘ut
1942 4135 2007 4184 ab
2042 4148 2101 4183 eo
2137 4133 2276 4198 quod
2308 4134 2506 4200 agitur·

1411 4209 1607 4252 avertat
1629 4198 1863 4265 animos,’
1892 4192 2247 4267 ἀποστροφή.
