2930 4693
358 184 363 189 ·
397 161 528 226 272
968 153 1067 218 DE
1110 151 1469 217 onA'roRE
1507 150 1590 215 ΠΙ
1632 151 1734 216 33.
1778 156 2088 213 132-135.

403 326 512 407 qui
540 322 789 387 consilio
820 330 881 385 et
908 324 1180 385 oratione
1208 322 1273 383 in
1316 322 1550 383 civitate
1591 319 1801 391 valeat,
1846 322 2094 384 scientia
2134 328 2310 402 atque
2353 325 2646 386 exercita-

405 413 573 473 tione
602 409 878 479 sociaris,
910 407 998 468 illi
1025 410 1151 469 nati
1176 409 1240 468 in
1271 405 1491 468 litteris
1518 406 1918 486 ardentesque
1945 406 2040 467 his
2068 406 2292 479 studiis,
2338 409 2460 469 otio
2501 427 2644 470 vero

408 495 763 564 diffluentes,
795 511 919 555 non
947 492 1125 553 modo
1155 491 1305 553 nihil
1335 491 1737 572 acquisierint,
1768 491 1875 552 sed
1906 509 1982 552 ne
2010 490 2287 553 relictum
2315 493 2557 573 quidem
2584 499 2648 555 et

408 579 693 641 traditum
726 584 788 639 et
815 596 989 639 suum
1022 578 1523 638 conservaverint.

230 659 440 736 33132
579 664 733 725 Tum
765 657 1109 724 Quassus:
1153 661 1287 723 Non
1325 663 1388 721 in
1430 661 1561 732 hac,
1605 661 1816 741 inquit,
1860 678 1995 731 una,
2038 660 2263 732 Catule,
2304 679 2390 733 re,
2432 680 2463 722 s
2580 664 2648 722 in

407 748 538 811 aliis
569 749 747 810 etiam
771 745 1179 826 compluribus
1194 744 1616 807 distributione
1638 747 1899 825 partium
1921 763 1992 806 ac
2011 748 2386 825 separatione
2413 763 2510 807 ma
2554 748 2647 806 ni-

404 833 646 896 tudines
675 840 815 894 sunt
845 833 1062 893 artium
1093 830 1439 891 diminutae.
1501 830 1590 890 An
1621 838 1688 890 tu
1716 831 2036 899 existimas,
2068 848 2205 892 cum
2235 837 2393 892 esset
2419 831 2648 911 Hippo-

407 924 604 980 crates
625 916 726 977 ille
748 918 920 987 CouS,
952 915 1134 977 fuisse
1155 923 1283 976 tum
1307 913 1458 976 alios
1479 914 1764 983 medicos,
1796 916 1899 995 qui
1919 914 2164 986 morbis
2194 915 2360 985 alioS,
2392 917 2495 994 qui
2516 914 2649 976 vul-

406 1001 672 1070 neribus,
706 1001 868 1071 alios,
900 1002 1004 1081 qui
1024 998 1211 1060 oculis
1234 999 1656 1061 mederentur?
1685 999 1841 1069 Num
1865 1002 2254 1077 geometriam
2277 998 2522 1061 Euclide
2545 1007 2655 1060 aut

404 1086 787 1155 Archimede,
819 1103 963 1146 num
996 1086 1280 1146 musicam
1304 1083 1571 1145 Damone
1602 1091 1705 1144 aut
1722 1084 2092 1155 Aristoxeno,
2125 1102 2269 1145 num
2296 1087 2458 1164 ipsas
2486 1083 2653 1145 litte-

406 1189 509 1233 ras
535 1171 931 1250 Aristophane
963 1178 1064 1230 aut
1093 1166 1453 1231 Callimacho
1494 1176 1788 1229 tractante
1818 1175 1939 1229 tam
1972 1168 2299 1248 discerptas
2328 1169 2528 1239 fuisse,
2577 1178 2655 1230 ut

407 1273 587 1317 nemo
637 1272 827 1333 genus
865 1255 1206 1315 universum
1251 1252 1752 1333 complecteretur
1794 1260 1971 1334 atque
2015 1260 2084 1314 ut
2122 1251 2272 1314 alius
2311 1252 2488 1314 aliam
2532 1252 2655 1314 sibi

276 1351 381 1406 133
409 1346 663 1421 partem,
694 1340 758 1400 in
789 1356 905 1416 qua
936 1337 1290 1408 elaboraret,
1334 1339 1686 1417 seponeret?
1744 1337 2034 1417 Equidem
2078 1356 2257 1418 saepe
2294 1338 2412 1399 hoc
2450 1338 2658 1398 audivi

409 1425 488 1486 de
515 1430 689 1504 patre
720 1431 777 1484 et
810 1424 883 1484 de
912 1441 1124 1484 socero
1154 1441 1310 1492 meo,
1344 1428 1584 1485 nostros
1612 1440 1849 1502 quoque
1875 1422 2167 1493 homines,
2218 1424 2321 1502 qui
2350 1420 2658 1483 excellere

405 1509 734 1589 sapientiae
785 1507 974 1587 gloria
1024 1507 1273 1577 vellent,
1320 1508 1549 1576 omnia,
1596 1525 1746 1587 quae
1799 1506 2037 1587 quidem
2077 1514 2205 1568 tum
2252 1508 2400 1569 haec
2443 1508 2661 1568 civitas

406 1599 631 1663 noss'et,
663 1592 869 1654 solitos
900 1610 1030 1654 esse
1062 1591 1396 1672 complecti.
1485 1591 1884 1653 Meminerant
1919 1590 2005 1652 illi
2051 1592 2186 1653 Sex.
2231 1590 2493 1661 Aelium;
2540 1592 2657 1653 Μ’.

406 1696 551 1740 vero
572 1677 878 1739 Manilium
903 1695 1012 1737 nos
1035 1678 1213 1747 etiam
1235 1676 1489 1738 vidimus
1511 1684 1851 1737 transverso
1873 1675 2275 1737 ambulantem
2299 1676 2463 1744 foro;
2487 1675 2659 1755 quod

409 1770 540 1824 erat
568 1763 822 1840 insigne,
869 1780 1023 1831 eum,
1067 1762 1170 1841 qui
1211 1760 1273 1821 id
1304 1760 1551 1832 faceret,
1592 1761 1793 1822 facere
1822 1760 2049 1829 civibus
2097 1760 2373 1822 omnibus
2401 1759 2658 1823 consilii

407 1848 500 1909 sui
532 1848 795 1926 copiam;
828 1846 902 1906 ad
925 1863 1075 1925 quos
1098 1844 1240 1906 olim
1263 1853 1323 1906 et
1344 1847 1425 1906 ita
1449 1844 1821 1906 ambulantes
1848 1847 1991 1907 etin
2014 1844 2166 1906 solio
2188 1845 2465 1906 sedentes
2486 1844 2658 1906 domi

407 1932 498 1992 sic
525 1928 818 2000 adibatur,
865 1947 987 1989 non
1016 1928 1208 1991 solum
1251 1937 1320 1990 ut
1348 1930 1422 1990 de
1461 1931 1595 1991 iure
1624 1929 1783 1990 civili
1823 1930 1897 1990 ad
1939 1948 2059 2001 eoS‚
2098 1948 2304 1990 verum
2347 1931 2528 1991 etiam
2573 1930 2659 1989 de

407 2013 528 2076 filia
559 2011 924 2083 collocanda,
957 2014 1031 2075 de
1061 2013 1247 2075 fundo
1279 2013 1553 2085 emendo,
1585 2013 1659 2075 de
1691 2031 1836 2093 agro
1866 2013 2137 2086 colendo,
2177 2014 2252 2075 de
2282 2015 2447 2075 omni
2477 2014 2652 2074 deni-

271 2111 382 2167 134
411 2117 528 2180 que
572 2105 674 2160 aut
702 2098 900 2160 officio
942 2105 1043 2160 aut
1071 2099 1311 2176 negotio
1354 2098 1705 2160 referretur.
1794 2098 1955 2160 Haec
1994 2098 2107 2160 fuit
2143 2099 2210 2160 P.
2254 2099 2452 2161 Crassi
2489 2097 2658 2174 illius

407 2184 644 2254 veteris,
676 2183 826 2245 haec
849 2183 940 2244 Ti.
966 2184 1342 2258 Coruncanii,
1372 2183 1523 2243 haec
1551 2184 1757 2262 proavi
1786 2185 1996 2262 generi
2014 2186 2154 2254 mei,
2186 2183 2483 2263 Scipionis
2503 2201 2658 2263 pru-

408 2268 742 2330 dentissimi
770 2268 1032 2329 hominis
1060 2269 1367 2348 sapientia,
1412 2269 1514 2349 qui
1543 2285 1751 2328 omnes
1781 2269 2089 2349 pontifices
2115 2268 2358 2329 maximi
2386 2268 2656 2337 fuerunt,

406 2361 474 2416 ut
484 2354 559 2415 ad
582 2370 685 2415 eos
706 2353 780 2414 de
803 2352 1080 2415 omnibus
1094 2352 1306 2415 divinis
1329 2359 1506 2433 atque
1530 2354 1806 2415 humanis
1827 2353 2011 2415 rebus
2031 2354 2394 2423 referretur;
2423 2353 2655 2415 eidem-

409 2456 529 2520 que
558 2439 710 2500 etin
739 2446 949 2500 senatu
979 2445 1040 2499 et
1067 2438 1224 2518 apud
1254 2436 1544 2520 populum
1575 2446 1635 2498 et
1666 2439 1729 2498 in
1773 2439 1968 2500 causis
2011 2440 2341 2500 amicorum
2383 2446 2446 2499 et
2486 2438 2654 2500 domi

272 2536 379 2590 135
409 2531 470 2585 et
518 2522 765 2587 militiae
826 2522 1141 2585 consilium
1198 2524 1371 2584 suum
1429 2522 1727 2602 fidemque
1783 2523 2186 2602 praestabant.
2276 2521 2430 2594 Quid
2484 2524 2653 2583 enim

406 2608 486 2671 M.
520 2608 730 2671 Catoni
758 2615 1001 2688 praeter
1030 2608 1186 2669 hanc
1221 2607 1636 2687 politissimam
1679 2606 2013 2674 doctrinam
2057 2609 2519 2669 transmarinam
2564 2613 2657 2667 at-

475 2808 562 2872 33,
591 2818 681 2859 132.
718 2811 864 2874 ipsas
886 2810 1090 2859 litteras
1111 2834 1179 2846 ·-·
1202 2809 1279 2860 als

405 2877 606 2937 manci,
641 2875 940 2941 Philologen
976 2890 1079 2926 von
1110 2876 1273 2939 Fach,
1306 2892 1479 2928 waren

408 2945 494 2995 die
520 2935 829 3010 γράμματα
853 2944 1044 3007 selbst,
1076 2944 1161 2994 die
1184 2940 1477 3007 Littera‘tur,

406 3011 490 3062 ihr
513 3011 780 3073 Studium,
807 3012 827 3060 1
852 3008 903 3069 3,
929 3019 998 3063 10.

475 3087 630 3146 atque
652 3086 736 3136 ut,
774 3092 850 3128 wo
887 3079 980 3127 wir
1003 3077 1118 3127 eine
1143 3078 1476 3129 Adversativ·

403 3148 624 3215 partikel
649 3153 921 3198 erwarten:
950 3146 1174 3196 sondern
1197 3146 1478 3209 vielmehr3

404 3216 501 3266 mit
524 3225 678 3279 atque
699 3213 827 3264 wird
850 3214 942 3263 der
960 3212 1120 3264 niiher
1139 3215 1477 3264 bestimmen-

405 3282 472 3333 de
488 3283 710 3347 positive
719 3282 998 3332 Ausdruck
1006 3281 1123 3332 dem
1133 3282 1475 3348 allgemeinen

358 3399 361 3406 ,
404 3351 680 3416 negativen
717 3365 809 3401 zur
841 3349 979 3400 Seite
1008 3349 1237 3416 gestellt,
1287 3347 1477 3415 gerade

403 3419 574 3469 wiell
606 3418 702 3481 41,
738 3425 813 3467 177
861 3432 948 3468 sae
988 3433 1018 3468 e
1050 3433 1155 3468 non
1187 3432 1477 3485 proponere

406 3501 469 3535 ac
501 3486 699 3537 ratione
734 3486 849 3550 ipsa
883 3433 1166 3536 adferenda
1201 3486 1327 3549 quid
1350 3498 1477 3550 pro-

403 3554 703 3621 ponendum
727 3553 882 3602 fuerit
903 3552 1178 3604 declarare.

476 3629 570 3672 133.
607 3623 700 3678 de,
734 3618 944 3671 Schultz
968 3620 1002 3682 S
1023 3619 1143 3683 209,
1169 3630 1220 3680 13
1266 3620 1331 3671 de
1361 3635 1475 3687 rep.

403 3690 455 3740 11
494 3687 559 3739 15
605 3701 763 3754 saepe
796 3687 931 3738 enim
963 3687 1062 3737 hoc
1096 3689 1161 3738 de
1193 3689 1477 3739 maioribus

400 3765 533 3808 natu
556 3756 866 3808 audivimus.

474 3823 852 3888 Meminerant,
877 3819 909 3889 S
933 3822 1053 3885 214,
1080 3822 1293 3874 Schultz
1317 3819 1349 3889 S
1375 3821 1479 3873 278

402 3891 471 3942 A.
497 3891 548 3942 2.
595 3891 734 3942 Lael.
759 3890 809 3954 2,
837 3899 863 3939 9
886 3891 1220 3942 memineram
1241 3891 1479 3943 Paullum

405 3957 517 4025 (ich
541 3960 735 4012 konnte
766 3959 868 4008 mir
890 3956 1020 4009 noch
1046 3960 1479 4025 vergegenwiirti-

402 4024 565 4091 gen),
590 4027 818 4077 videram
843 4024 1072 4077 Gallum.

475 4095 530 4143 in
550 4094 706 4156 solio,
734 4093 865 4158 145,
892 4101 985 4145 199.
1043 4094 1090 4143 11
1115 4091 1209 4150 33,
1235 4102 1329 4145 14³.
1377 4109 1482 4146 non

402 4162 568 4211 :ohan
589 4169 705 4223 etc„
733 4160 906 4224 darin,
931 4161 1056 4212 dass
1081 4161 1174 4212 der
1195 4162 1318 4223 Rnt,
1354 4162 1479 4213 wel·

1456 2835 1477 2845 ·
1582 2808 1713 2860 chen
1739 2807 1824 2859 die
1847 2810 2127 2876 prudentes
2153 2809 2383 2860 erteilten
2419 2810 2528 2859 und
2562 2825 2653 2859 um

1582 2878 1683 2928 den
1694 2879 1771 2927 sie
1788 2893 2124 2943 angegangen
2138 2879 2365 2940 wurden‚
2379 2877 2489 2928 sich
2511 2876 2654 2927 nicht

1581 2945 1677 2995 auf
1694 2946 1778 2996 die
1801 2948 1911 2995 rein
1935 2945 2211 2995 rechtliche
2236 2945 2375 2996 Seite
2399 2946 2492 2995 der
2518 2946 2650 2995 Ver-

1578 3012 1830 3065 hiiltuisse
1863 3013 2233 3076 beschranlite,
2269 3013 2382 3077 gibt
2413 3013 2525 3063 sich
2559 3013 2654 3063 der

1580 3078 1667 3144 (so
1702 3097 1767 3131 zu
1801 3082 1983 3146 sag-en)
2031 3080 2478 3148 patriarchalische
2516 3080 2652 3133 Cha-

1579 3149 1752 3198 rakter
1775 3149 1943 3199 dieser
1962 3149 2152 3200 iilteren
2165 3150 2275 3199 Zeit
2291 3148 2452 3210 hund,
2473 3150 2649 3200 indem

1579 3216 1722 3266 diese
1739 3216 2191 3282 Rechtskundigen
2215 3215 2360 3267 mehr
2377 3217 2456 3267 als
2475 3220 2660 3267 vater--

1579 3283 1711 3334 liche
1734 3284 1943 3334 Berater
1965 3284 2260 3350 angesehen
2284 3285 2516 3339 wurden.

1646 3375 1740 3485 ῗ34.
1771 3371 1961 3433 proavi
1978 3371 2161 3435 ρεπεν-ἰ
2179 3371 2292 3430 mei,
2318 3384 2363 3420 s.
2389 3368 2496 3419 ind.
2526 3368 2654 3420 Cor—

1578 3450 1642 3484 ne
1664 3452 1717 3487 u.

1645 3529 1738 3571 135.
1783 3521 1917 3570 hanc
1947 3547 2017 3556 —
2050 3521 2143 3569 wie
2176 3520 2254 3570 sie
2281 3520 2413 3584 jetzt
2443 3520 2658 3571 hier-her

1578 3585 1736 3653 (nach
1761 3588 1918 3652 Rom)
1943 3588 2322 3653 iibergesiedelt
2346 3589 2431 3640 ist.

1645 3691 1931 3740 doctrinam
1964 3691 2383 3753 transmarinam,
2433 3690 2499 3740 de
2534 3705 2654 3756 rep.

1578 3757 1627 3807 Π
1653 3756 1717 3807 15
1740 3771 1788 3806 a.
1809 3758 1868 3808 E.
1892 3759 1970 3806 Ac
1985 3764 2154 3806 tamen
2176 3756 2323 3806 facile
2341 3759 2525 3824 patior,
2544 3771 2654 3807 non

1580 3840 1700 3875 esse
1733 3839 1828 3875 nos
1862 3826 2217 3875 transmarinis
2243 3839 2336 3874 nec
2359 3825 2650 3892 importatis

1561 3893 1772 3948 ,artibus
1820 3893 2073 3955 eruditos,
2133 3892 2227 3943 sed
2273 3894 2512 3958 genuinis
2561 3893 2652 3943 do-

1578 3960 1910 4021 mesticisque
1965 3960 2265 4019 virtutibus,
2321 3960 2447 4011 ibid.
2497 3962 2566 4010 ΙΠ
2614 3959 2660 4012 3

1581 4028 1671 4092 qui
1712 4054 1770 4065 -
1803 4028 1870 4078 ad
1915 4028 2252 4078 domesticum
2293 4028 2655 4094 maiorumque

1579 4110 1773 4146 morem
1799 4096 1952 4145 etiam
1976 4095 2110 4146 hanc
2131 4110 2162 4146 a
2181 4095 2390 4147 Socrate
2411 4096 2659 4147 adventi—

1581 4164 1715 4215 ciam
1739 4163 2023 4214 doctrinam
2046 4163 2409 4215 adhibuerunt.
