2930 4693
449 227 531 288 60
1136 219 1233 281 DE
1265 218 1621 281 ORATORE
1649 218 1674 280 l
1706 216 1808 281 38.
1841 225 1957 278 175.

448 408 762 470 quet-emes
801 395 903 450 aut
945 389 1120 449 etiam
1166 390 1422 449 maiores
1467 387 1802 466 gubernare
1844 386 2135 448 didicisse.
2226 387 2317 448 Tu
2357 387 2505 449 mihi
2547 405 2683 448 cum

446 477 511 535 in
542 473 764 534 circulo
805 473 1103 552 decipiare
1144 472 1465 534 adversarii
1510 471 1988 552 stipulatiuncula
2031 481 2090 532 et
2118 490 2251 532 cum
2285 471 2564 550 obsignes
2594 478 2682 532 ta-

448 558 633 620 bellas
664 558 895 620 clientis
923 559 1026 628 tui,
1058 556 1272 638 quibus
1295 559 1356 617 in
1386 556 1617 618 tabellis
1644 557 1703 618 id
1734 558 2124 636 sitscriptum,
2150 574 2266 636 quo
2279 554 2379 616 ille
2395 557 2682 635 capiatur,

448 661 558 722 ego
590 642 698 703 tihi
727 642 909 704 ullam
940 660 1178 703 causam
1210 644 1498 709 maiorem
1531 641 2013 702 committendam
2044 642 2283 721 putem?
2329 641 2515 702 Citius
2543 640 2683 700 her-

447 727 577 788 cule
607 730 659 788 is
686 774 701 798 ,
758 729 860 808 qui
891 728 1148 788 duorum
1180 725 1537 788 scalmorum
1573 726 1901 787 naviculam
1948 727 2013 786 in
2042 732 2220 805 portu
2251 726 2567 795 everterit,
2619 727 2682 784 in

326 824 423 876 175
452 813 682 874 Euxino
712 819 895 891 ponto
925 812 1397 890 Argonautarum
1441 829 1648 872 navem
1693 810 2057 890 gubernarit.
2129 809 2317 882 Quid?
2361 811 2411 869 si
2443 826 2515 870 ne
2545 827 2684 889 par-

454 915 559 958 vae
589 896 826 977 quidem
859 914 1071 957 causae
1102 903 1257 966 sunt,
1289 895 1394 956 sed
1424 913 1602 976 saepe
1631 896 1940 965 maximae,
1973 896 2034 955 in
2066 894 2279 975 quihus
2310 901 2575 954 certatur
2607 895 2680 954 de

448 984 579 1043 iure
611 981 800 1052 civili,
855 980 1013 1061 quod
1044 980 1286 1041 tandem
1316 999 1383 1041 os
1414 986 1505 1041 est
1531 979 1691 1040 illius
1718 981 1994 1059 patroni,
2048 981 2149 1059 qui
2196 978 2269 1040 ad
2325 997 2424 1040 eas
2474 996 2684 1039 causas

447 1069 577 1127 sine
628 1066 747 1126 ulla
779 1067 1024 1126 scientia
1075 1066 1224 1126 iuris
1274 1064 1451 1125 audet
1481 1065 1802 1126 accedere?
1870 1064 2033 1136 Quae
2083 1066 2276 1143 potuit
2324 1066 2506 1142 igitur
2552 1081 2681 1123 esse

449 1170 623 1212 causa
648 1152 853 1221 maior,
888 1168 1064 1229 quam
1088 1148 1246 1211 illius
1268 1148 1505 1210 militis?
1539 1149 1613 1213 de
1645 1150 1810 1210 cuius
1839 1158 2033 1209 morte
2064 1167 2199 1211 cum
2230 1148 2470 1209 domum
2503 1147 2686 1209 falsus

355 1224 368 1283 Ι
450 1234 523 1296 ab
556 1237 819 1296 exercitu
864 1237 1112 1296 nuntius⁴
1148 1235 1401 1295 venisset
1442 1240 1503 1294 et
1529 1240 1700 1315 pater
1741 1235 1867 1294 eius
1897 1251 1965 1293 re
2009 1233 2233 1294 credita
2266 1240 2685 1294 testamentum

449 1326 734 1380 mutasset
764 1326 850 1392 et,
905 1338 1080 1399 quem
1111 1321 1167 1381 ei
1194 1321 1383 1379 visum
1416 1326 1601 1387 esset,
1656 1318 1894 1379 fecisset
1932 1317 2216 1379 heredem
2252 1325 2528 1397 essetque
2558 1320 2686 1396 ipse

449 1414 745 1466 mortuus:
781 1422 877 1465 res
900 1404 1092 1465 delata
1116 1411 1205 1465 est
1236 1402 1310 1464 ad
1341 1405 1757 1473 centumviros
1790 1421 1924 1463 cum
1956 1401 2126 1463 miles
2156 1402 2396 1463 domum
2420 1403 2682 1463 revenis-

448 1496 540 1549 set
590 1491 920 1569 egissetque
974 1489 1115 1567 lege·
1146 1490 1206 1549 in
1249 1487 1645 1549 hereditatem
1684 1494 1995 1567 paternam
2037 1493 2390 1548 testamento
2434 1487 2686 1547 exheres

449 1571 619 1634 filius,
682 1573 908 1653 Nempe
961 1576 1022 1634 in
1075 1592 1144 1634 ea
1185 1590 1361 1635 causa
1403 1574 1736 1652 quaesitum
1785 1579 1875 1633 est
1904 1571 1977 1632 de
2008 1574 2140 1633 iure
2171 1570 2354 1642 civili,
2408 1576 2684 1651 possetne

446 1665 830 1738 paternorum
875 1657 1170 1720 bonorum
1212 1657 1464 1719 exheres
1496 1676 1625 1718 esse
1667 1655 1851 1727 filius,
1896 1675 2074 1737 quem
2115 1664 2287 1737 pater
2329 1664 2685 1717 testamento

516 1869 607 1910 174.
671 1860 745 1909 Tu
786 1860 929 1921 mihi,
987 1859 1078 1909 der
1115 1859 1369 1910 bekannte
1410 1860 1514 1910 dat.

450 1928 629 1985 ethic.;
653 1929 722 1976 im
734 1928 1022 1992 Gegensatz
1048 1927 1204 1976 damit
1226 1928 1332 1977 tritt
1349 1929 1514 1979 daun:

1618 1860 1723 1925 gati
1769 1861 2003 1910 manibus
2049 1859 2377 1926 impelluntur
2424 1871 2473 1910 et
2530 1861 2681 1910 redu-

1619 1935 1822 1979 cuntur.

450 2010 543 2060 ego
570 1995 677 2049 tibi.
714 1996 767 2044 in
790 1998 1000 2054 circulo,
1016 2010 1092 2044 wo
1120 1995 1201 2044 ein
1222 1995 1517 2061 pam-Lente

449 2077 744 2112 zusammen
768 2063 884 2112 sind
907 2063 1012 2113 und
1033 2078 1088 2110 es
1109 2063 1216 2112 also
1242 2078 1299 2112 so
1319 2062 1516 2113 schwer

448 2130 586 2180 nicht
608 2132 694 2193 ist,
721 2131 862 2180 seine
888 2130 1160 2181 Gedanken
1189 2144 1510 2180 zusammen·

449 2197 749 2259 zunehmen,
792 2198 885 2247 wie
914 2213 1007 2248 vor
1040 2198 1154 2247 dem
1189 2197 1512 2248 offentlichen

448 2265 665 2318 Gericht.
713 2263 744 2331 S
774 2264 885 2316 159.

514 2335 826 2396 adversarii,
853 2334 943 2385 des
955 2333 1180 2384 Anwalts
1205 2334 1293 2384 der
1318 2332 1506 2400 Gegen·

446 2403 631 2467 partei3
678 2404 811 2452 deun
856 2402 1177 2466 dergleichen
1213 2401 1512 2468 Stipula-

446 2470 494 2518 ti
511 2484 539 2519 o
556 2485 698 2530 nen,
750 2471 800 2521 d.
848 2469 899 2519 h.
950 2468 1401 2534 Rechtsgescha'fte
1458 2472 1511 2520 in

447 2539 607 2602 Frage
617 2554 669 2587 u.
686 2539 928 2597 Antwort,
941 2536 1179 2588 wodurch
1194 2538 1305 2587 eine
1317 2538 1510 2589 Person

450 2606 586 2655 einer
618 2607 807 2656 andern
834 2605 939 2656 sich
967 2615 1114 2655 uuter
1135 2606 1386 2670 gewissen
1410 2606 1509 2655 Be-

447 2673 740 2739 dingungen
775 2674 899 2724 oder
930 2673 1059 2724 auch
1104 2673 1236 2723 ohne
1270 2674 1410 2724 diese
1445 2691 1509 2725 zu

450 2749 602 2791 etwas
636 2741 976 2807 verpssichtet,
1018 2740 1242 2792 beruhen
1268 2742 1510 2807 gewiihn·

447 2806 546 2858 lich
579 2807 674 2859 auf
690 2807 1088 2859 Uebereinkunft
1123 2810 1215 2860 der
1246 2809 1517 2860 Parteienz·

444 2890 592 2925 wenn
609 2877 677 2926 du
696 2876 807 2927 dich
830 2878 1507 2948 miqeinerunbedeutenden

449 2944 1056 3009 Contrabtsbestimmung
1099 2946 1272 2995 deines
1306 2944 1509 2996 Wider·

445 3021 587 3077 parts
611 3010 804 3062 hinters
828 3012 974 3061 Licht
996 3011 1175 3062 fiihren
1203 3014 1348 3066 liisst.

514 3079 763 3146 obsiynes,
784 3080 890 3129 und
903 3079 1033 3129 noch
1043 3081 1175 3130 dazu
1190 3081 1284 3130 den
1307 3080 1510 3131 schrift-

445 3145 608 3196 lichen
627 3147 860 3198 Contract
871 3147 1274 3199 deinesClienten
1293 3166 1357 3199 zu
1367 3148 1513 3198 meh-

443 3230 583 3264 rerer
605 3214 938 3281 Bestae'itigung
960 3215 1367 3266 unterzeichnest
1383 3254 1396 3275 ‚
1433 3217 1510 3267 als

445 3282 661 3333 wolltest
692 3283 760 3332 du
807 3283 888 3333 die
920 3284 1063 3334 darin
1099 3283 1405 3349 euthaltene,
1430 3284 1512 3334 fiir

445 3351 628 3400 deinen
672 3351 900 3402 Clienten
942 3351 1121 3403 hochst
1164 3351 1506 3416 verffiugliche

446 3418 796 3484 Bestimmung·
818 3418 960 3469 recht
982 3419 1083 3470 fest
1106 3419 1333 3470 macheu.

515 3487 691 3551 quibus
713 3489 767 3537 t'n
794 3488 990 3538 tabellis
1015 3514 1079 3524 —
1105 3486 1179 3551 So,
1200 3487 1324 3537 wird
1351 3487 1507 3538 ofters

446 3568 531 3603 um
568 3554 657 3606 der
690 3555 1032 3605 Deutlichkeit
1067 3555 1188 3606 oder
1222 3555 1312 3605 des
1338 3555 1504 3605 Nach-

439 3620 632 3676 drucks
670 3622 837 3671 willon
883 3623 975 3673 das
1016 3624 1179 3674 subst.
1225 3622 1352 3673 nach
1390 3622 1509 3673 dem

444 3688 589 3738 relat.
614 3688 924 3740 wiederholt.
973 3687 1004 3757 S
1028 3689 1125 3740 241
1153 3705 1352 3741 omnem
1376 3689 1509 3741 hanc

444 3765 637 3821 partem
672 3784 740 3793 -
772 3773 903 3821 quae
934 3773 1053 3823 pars
1088 3765 1183 3809 etc.
1243 3758 1383 3808 Brut.
1421 3757 1506 3819 60,

442 3833 519 3874 218
530 3834 706 3875 senatu
722 3826 897 3886 misso,
926 3841 1074 3890 quem
1089 3836 1336 3877 senatum.
1366 3826 1510 3877 Caes.

445 3893 494 3942 b.
528 3907 578 3956 g.
616 3894 660 3942 II
701 3892 792 3954 18,
832 3902 851 3942 1
890 3895 985 3943 loci
1022 3901 1202 3944 natura
1235 3903 1339 3943 erat
1366 3893 1506 3958 haec,

445 3973 593 4021 quem
617 3960 784 4011 locum
811 3962 967 4012 nostri
993 3962 1171 4013 castris
1198 3961 1509 4027 delegerant.

508 4030 828 4087 scalmorum,
877 4025 1117 4095 σκαλμοὶ
1164 4027 1398 4095 (Dollen)
1435 4022 1508 4080 τὰ

443 4083 584 4168 ξρλα
619 4084 700 4145 ὦν
725 4087 1022 4148 ἐκὸέονται
1058 4090 1124 4148 αἱ
1155 4096 1341 4149 κῶπαι
1365 4089 1509 4162 πρὸς

441 4176 549 4224 την
574 4154 839 4224 εἰρεσίαν.
877 4162 1016 4214 Brut.
1042 4163 1134 4228 53,
1164 4174 1254 4215 197.
1305 4166 1505 4216 vitruv,

442 4226 492 4275 X
517 4225 549 4275 8
574 4229 700 4276 remi
733 4230 866 4279 circa
891 4230 1110 4282 scalmos
1136 4232 1359 4297 strophis
1385 4233 1503 4283 reli·

1685 1998 1977 2051 naviculoem,
2007 1996 2105 2045 den
2132 1995 2383 2046 kleinsten
2408 1995 2568 2053 Ralla,
2596 1996 2687 2046 der

1619 2078 1716 2113 von
1756 2065 1920 2113 einem
1944 2063 2172 2114 Ruderer
2205 2065 2296 2113 mit
2322 2065 2446 2113 zwei
2473 2062 2682 2128 Schlag-

1616 2131 1804 2181 rudern
1839 2130 2077 2211 gesahren
2105 2132 2247 2181 wird.
2311 2130 2417 2179 Ihm
2444 2128 2577 2179 steht
2602 2131 2684 2180 die

1615 2213 1968 2262 ποντοπορος
2030 2198 2171 2264 νηῦς
2229 2189 2391 2264 ’Λργώ
2443 2193 2697 2264 nactus·-

1617 2266 1796 2317 λουσα
1831 2266 1999 2330 (Hom.
2039 2267 2130 2318 Od.
2167 2283 2205 2332 μ
2239 2265 2361 2328 70),
2397 2267 2472 2316 als
2508 2267 2684 2331 Typus

1616 2335 1757 2385 eines
1781 2333 2063 2400 machtigen
2091 2335 2158 2387 Se
2197 2334 2448 2392 elschiffs,
2475 2335 2570 2384 wie
2595 2335 2685 2384 der

1613 2401 1808 2453 sichere
1831 2402 1993 2453 Hasen
2019 2404 2135 2453 dem
2202 2401 2364 2468 ξενος
2387 2413 2573 2469 pontus
2586 2403 2683 2452 Eu·

1612 2470 1795 2530 xinus,
1831 2471 1946 2520 dem
1978 2471 2364 2522 stiirmischsten
2399 2470 2563 2520 Meere
2585 2508 2598 2534 ,
2630 2487 2680 2522 n.

1615 2539 1848 2588 everterit
1883 2539 1998 2588 dem
2032 2539 2326 2605 gubernarit
2370 2529 2649 2604 (κυβερνή
2668 2567 2678 2574 ·

1613 2620 1765 2658 σειεν
1786 2595 1881 2671 οἷν)
1908 2617 2173 2673 entgegen.

1680 2699 1774 2741 175.
1801 2693 1864 2742 de
1893 2693 2004 2742 iure
2029 2694 2177 2754 civili,
2189 2706 2267 2742 wo
2289 2706 2343 2742 es
2361 2690 2470 2755 sich
2494 2706 2581 2741 um
2603 2691 2683 2740 die

1613 2758 2014 2824 sehwierigsten,
2043 2759 2114 2809 oft
2139 2759 2453 2825 streitigsten
2466 2758 2678 2809 Rechts-

1611 2826 1790 2892 fragen
1813 2827 2037 2878 handelt.

1680 2926 1764 2970 οε,
1801 2926 1852 2976 p.
1880 2911 2009 2964 Rab.
2048 2919 2181 2977 post.
2207 2911 2311 2992 ⁸12,
2337 2920 2389 2963 34
2424 2912 2558 2976 quod
2587 2911 2680 2961 ha·

1610 2979 1730 3028 bent
1756 2979 1838 3027 os!
1866 2993 2013 3040 quam
2041 2981 2324 3034 audaciam.
2352 2981 2420 3038 ,ΙΙ
2446 2980 2502 3040 7,
2528 2989 2593 3032 29.

1680 3064 1963 3128 egissetque
2001 3068 2135 3129 le9e‚
2185 3063 2317 3114 denn
2356 3065 2439 3115 die
2473 3064 2682 3114 solenne

1612 3131 2061 3196 Klaganbringung
2101 3132 2207 3182 und
2248 3133 2554 3183 Instruction
2590 3133 2681 3182 des

1613 3199 1882 3248 Processes
1919 3198 2024 3260 (die
2060 3199 2186 3265 legis
2225 3199 2377 3263 actio)
2412 3201 2568 3266 gieng
2592 3200 2680 3249 der

1613 3265 1996 3332 Entscheidung
2041 3282 2133 3317 vor
2179 3268 2294 3318 dem
2345 3268 2678 3332 zustiindigen

1615 3332 1816 3385 Gericht
1839 3348 2015 3384 voran.
2562 3337 2567 3344 ‘
2624 3335 2628 3340 ’
2660 3357 2665 3362 -

1690 3410 1987 3453 testamento
2012 3404 2232 3454 exheres
2248 3405 2386 3467 filius
2408 3403 2477 3453 ist
2500 3417 2558 3452 so
2583 3417 2682 3451 we-

1609 3471 1699 3588 3³1}
1710 3471 1908 3589 effi?
1908 3470 2590 3589 ἓέἓῗῖἑῖῗιῖἷῗὲἶέΐὲ-’ῗὲῐεέ
2594 3486 2680 3589 3ῗῖ

1611 3605 1937 3671 sichtlichen,
1965 3607 2424 3657 uachdriicklichen
2448 3606 2681 3671 Stellung

1613 3674 1711 3724 den
1735 3674 2102 3740 Widerspruch
2141 3674 2393 3724 zwischen
2432 3675 2521 3724 der
2545 3689 2679 3724 nun-

1611 3740 1872 3807 mehrigen
1913 3742 2418 3792 testamentarischen
2460 3741 2676 3792 Bestim-

1613 3825 1774 3874 mung
1819 3809 1923 3859 und
1965 3811 2063 3860 den
2121 3808 2434 3860 natiirlichen
2484 3810 2678 3858 Erban-

1611 3876 1865 3944 spriichen
1902 3877 1992 3927 des
2030 3877 2229 3929 Sohnes
2263 3876 2441 3928 scharf
2469 3876 2676 3927 hervor-

1602 3950 1773 3995 'treten
1808 3945 2008 3995 lassent
2046 3949 2142 4008 ‘er‚
2180 3947 2268 3996 der
2293 3944 2419 3995 nach
2446 3945 2562 3995 dem
2587 3959 2679 4009 ge·

1611 4012 1854 4063 anderten
1867 4013 2159 4064 Testament
2182 4028 2283 4065 von
2308 4014 2398 4063 der
2408 4012 2683 4064 Erbschaft

1609 4080 2064 4145 ausgeschlossene
2090 4081 2125 4132 S
2139 4096 2167 4131 o
2179 4081 2210 4130 h
2224 4085 2293 4132 n'.

1672 4164 1886 4229 Nempe,
1913 4165 2062 4215 ‘doch
2081 4167 2212 4227 wol',
2236 4164 2334 4215 ‘ich
2353 4165 2519 4216 meine
2541 4167 2678 4216 deun

1609 4231 1772 4282 doch’.
1821 4229 1852 4297 S
1876 4233 1994 4286 244.
