2930 4693
2578 4 2901 164 ,η

442 216 572 281 344
1146 204 1628 270 κικιὶιικιωε
1674 217 1980 269 marcas.
2026 211 2049 228 ·

441 396 562 431 cum
584 380 670 430 ille
694 379 858 430 edicto
890 377 1082 428 iustitio
1116 376 1326 436 domum
1361 392 1503 427 rece·
1609 374 1807 440 Syriam
1831 377 1898 427 ad
1922 376 2225 428 Antiochum
2262 378 2506 446 profugit.
2537 406 2610 419 —·
2633 397 2697 448 p.

445 451 575 499 dens
605 454 838 513 rogasset
868 445 1136 507 Granium,
1179 445 1304 509 quid
1347 446 1508 495 tristis
1609 442 1742 493 Sest.
1777 442 1872 503 68,
1910 453 1985 495 142
2018 445 2142 506 Quis
2177 447 2700 513 Karthaginiensium

446 523 605 573 essen
644 530 709 564 an
733 514 871 578 quod
894 514 1109 563 reiectae
1131 514 1394 562 auctiones
1420 527 1503 564 es·
1607 509 1769 576 pluris
1793 510 1889 562 fuit
1908 512 2189 564 Hannibale
2212 516 2444 575 consilio,
2471 517 2697 577 virtute,

444 585 593 634 sent?
625 585 779 633 immo
802 595 953 643 vero,
977 582 1166 645 inquit,
1202 581 1342 643 quod
1364 581 1508 646 lega·
1609 579 1764 629 rebus
1787 581 1964 644 gestis,
2001 582 2087 645 qui
2110 596 2244 633 unus
2269 598 2387 633 cum
2409 592 2485 636 tot
2510 584 2697 651 impe-

445 653 629 703 tiones.
676 650 817 701 Idem
840 650 1044 699 tribuno
1068 648 1230 715 plebi,
1258 649 1509 714 potentis·
1608 647 1865 697 ratoribus
1891 649 2078 699 nostris
2101 663 2194 715 per
2216 658 2292 700 tot
2315 664 2476 701 annos
2501 653 2566 703 de
2588 655 2697 703 im·

444 720 575 769 simo
598 717 811 780 homini,
835 718 905 768 M.
928 716 1120 776 Drns0,
1155 716 1249 766 sed
1271 715 1430 766 multa
1455 717 1508 765 in
1606 716 1759 779 per-io
1794 723 1845 763 et
1878 715 1945 764 de
1977 716 2140 781 gloria
2175 718 2487 769 decertavit?
2533 719 2695 770 Hunc

443 786 705 852 republica
722 785 968 844 molienti,
994 798 1107 835 cum
1126 783 1213 833 ille
1232 798 1347 833 eum
1365 783 1508 833 salu·
1611 781 1693 831 sui
1738 781 1877 832 cives
1926 798 1956 832 e
1999 785 2206 835 civitate
2253 786 2536 844 eieceruntz
2584 802 2697 839 nos

444 861 632 913 tasset,
666 861 722 903 ut
745 852 827 915 iit,
861 852 1204 913 dixissetque:
1240 850 1363 913 quid
1394 852 1508 917 agis
1611 850 1763 898 etiam
1798 849 1999 901 hostem
2035 851 2216 902 litteris
2253 856 2442 905 nostris
2488 864 2538 904 et
2570 870 2697 905 me-

446 922 636 973 Grani?
693 920 983 986 responditt
1043 921 1198 968 immo
1250 932 1396 981 vero,
1450 930 1508 969 tu
1611 919 1772 966 moria
1791 918 2028 970 videmus
2053 919 2380 973 celebratum.

444 991 626 1052 Druse,
651 988 776 1053 quid
796 988 942 1053 agis?
987 986 1079 1037 1116
1101 985 1161 1039 L.
1185 987 1383 1047 Crassi,
1419 986 1508 1036 ille
1679 983 2015 1042 Hellanicus
2053 988 2099 1037 11
2138 987 2225 1049 12,
2270 999 2321 1039 53
2355 1004 2450 1039 aus
2482 988 2694 1043 Lesbos

446 1058 516 1108 M.
558 1055 766 1107 Antonii
805 1055 1118 1106 voluntatem
1162 1054 1508 1120 asperioribus
1613 1067 1709 1102 zw.
1734 1052 1837 1103 494
1860 1069 1911 1104 u.
1936 1053 2032 1104 411
2061 1070 2116 1106 v.
2144 1056 2263 1109 Chr.
2685 1098 2707 1120 ,

446 1126 643 1176 facetiis
667 1122 962 1190 perstrinxit
984 1123 1209 1188 impune.
1257 1122 1397 1174 Brut.
1420 1120 1507 1181 46,
1677 1117 1910 1171 Herillii
1936 1122 2005 1171 111
2031 1121 2122 1183 17,
2155 1132 2208 1173 62
2242 1139 2300 1175 so
2335 1135 2561 1190 genannt
2580 1123 2705 1176 von'

447 1202 524 1243 172
568 1193 676 1257 Ego
712 1190 914 1241 memini
938 1191 999 1240 Τ.
1021 1190 1232 1240 Tincam
1254 1189 1507 1239 Placenti·
1611 1187 1846 1251 Her-illos,
1875 1190 2040 1239 einem
2067 1190 2267 1242 Stoiker
2291 1208 2384 1242 aus
2405 1191 2692 1258 Karthago.

448 1276 596 1317 num,
654 1258 908 1309 hominem
964 1257 1331 1308 facetissimum
1394 1272 1510 1308 cum
1613 1255 1702 1305 der
1737 1254 1820 1304 ein
1845 1256 2058 1307 Schiiler
2092 1260 2258 1310 Zenos
2291 1275 2420 1320 war,
2458 1275 2548 1314 um
2580 1259 2701 1311 2oe

446 1327 680 1378 familiari
721 1333 893 1376 nostro
928 1325 988 1386 Q.
1031 1323 1217 1376 Granio
1257 1340 1510 1391 praecone
1613 1338 1661 1372 v.
1685 1321 1802 1374 Chr.
1829 1323 1894 1373 de
1916 1324 2003 1375 fin.
2031 1327 2078 1376 11
2100 1325 2180 1390 13,
2204 1335 2257 1378 43
2277 1328 2495 1379 Herillus
2513 1337 2699 1378 autem

448 1396 725 1446 dicacitate
748 1401 957 1445 certare.
1003 1394 1163 1454 Eone,
1189 1394 1353 1456 inquit
1375 1393 1508 1444 Bru·
1612 1391 1677 1440 ad
1698 1392 1960 1442 scientium
1994 1395 2163 1444 omnia
2198 1410 2445 1446 revocans
2483 1394 2556 1461 (s.
2578 1397 2705 1447 Me-

447 1474 549 1524 tus,
573 1464 638 1514 de
782 1463 937 1512 multa
961 1462 1221 1512 Lucilius?
1247 1463 1343 1513 isto
1369 1462 1504 1527 ipso.
1615 1458 1890 1524 cedemus)
1917 1476 2079 1511 unum
2103 1462 2363 1526 quoddam
2389 1465 2577 1513 bonum
2601 1465 2701 1513 vi—

515 1530 592 1581 M.
619 1478 835 1581 pm„
861 1526 1228 1581 Gratidianus
1249 1531 1270 1579 1
1295 1526 1388 1591 39,
1415 1538 1508 1581 178.
1612 1526 1712 1585 dit,
1748 1527 1842 1576 sed
1876 1542 1971 1577 nec
2006 1531 2286 1595 optimum,
2322 1546 2417 1580 nec
2452 1545 2555 1593 quo
2578 1531 2701 1581 vita

448 1600 496 1649 ΙΙ
518 1598 614 1657 65,
638 1607 716 1648 262
740 1598 831 1647 der
853 1596 995 1648 Sohn
1020 1597 1111 1647 des
1135 1597 1203 1647 M.
1230 1594 1507 1660 Gratidius,
1611 1594 1881 1668 gubernari
1905 1598 2088 1660 possit.
2138 1598 2314 1662 Itaque
2336 1598 2420 1648 hic
2444 1599 2557 1665 ipse
2580 1599 2695 1648 iam

449 1667 634 1717 dessen
654 1665 938 1716 Schwester
961 1666 1044 1716 die
1058 1663 1403 1715 Grossmutter
1420 1664 1511 1715 Ci-
1611 1661 1810 1727 pridem
1834 1672 1912 1712 est
1933 1665 2152 1715 reiectus
2170 1681 2184 1715 =
2208 1674 2329 1731 post
2353 1667 2491 1716 enim
2518 1665 2698 1731 Chry-

447 1748 593 1784 ceros
622 1748 728 1783 war
759 1732 914 1798 (Einl.
950 1735 970 1782 I
1005 1736 1038 1797 s
1060 1731 1121 1790 3,
1154 1731 1233 1796 9),
1268 1732 1373 1782 und
1407 1747 1510 1782 von
1611 1730 1816 1795 sippum
1842 1745 1942 1780 non
1965 1746 2091 1783 sane
2113 1742 2192 1782 est
2217 1734 2549 1800 disputatum.
2582 1734 2703 1783 He·
2908 1789 2909 1796 χ

449 1802 563 1852 dem
605 1802 814 1852 Bruder·
845 1801 937 1851 des
978 1800 1272 1851 beriihmten
1316 1799 1511 1851 Marius
1612 1796 1755 1847 rillos
1789 1799 1945 1864 gieng
1970 1799 2080 1849 also
2114 1815 2172 1851 so
2208 1802 2352 1864 weit,
2385 1802 2701 1853 Wissen-
2798 1827 2811 1834 ·
2908 1835 2909 1850 ¹

446 1869 714 1935 adoptiert.
737 1868 807 1918 Er
827 1883 932 1918 war
954 1870 1131 1918 Prator
1151 1868 1223 1919 im
1242 1869 1290 1918 J.
1315 1866 1385 1918 86
1406 1866 1507 1932 (im
1613 1863 1825 1915 schaft
1847 1883 1899 1916 u.
1925 1866 2324 1919 Erkenntnis
2349 1859 2701 1936 (φρόνησις)

449 1937 713 1987 siebenten
751 1935 992 1986 Consulat
1024 1937 1116 1986 des
1149 1933 1366 2001 Marius)
1401 1937 1512 1986 und
1611 1932 1812 1982 allein
1850 1933 1926 1983 als
1960 1933 2210 1986 hochsten
2247 1937 2429 1988 Zweck
2463 1935 2703 2003 (gagen-

448 2002 520 2053 im
543 2005 598 2058 J.
615 2002 684 2053 82
709 2018 825 2053 zum
852 2002 1196 2065 zweitenma13
1222 2004 1344 2052 aber
1370 2003 1511 2053 nicht
1615 2001 1740 2050 iiber
1786 2002 1887 2052 den
1931 2004 2393 2068 untergeordneten
2437 2005 2699 2055 Zwecken

448 2072 600 2137 lange
618 2071 746 2121 Zeit.
787 2070 930 2121 Sulla
950 2071 1073 2121 lices
1097 2069 1205 2134 ihu,
1231 2069 1324 2120 ehe
1344 2085 1398 2119 er
1415 2072 1511 2122 das
1612 2058 1977 2135 ὖποτελίδες)
2001 2071 2362 2122 aursustellen.

449 2139 674 2205 gehoffte
700 2138 940 2189 Consulat
963 2138 1206 2203 erlangte,
1230 2136 1391 2188 durch
1417 2136 1516 2189 Ca·
1681 2135 2071 2189 Hermodorus
2118 2140 2139 2188 1
2192 2139 2282 2201 14,
2340 2149 2393 2190 62
2451 2140 2549 2189 wol
2601 2140 2705 2190 der

447 2208 595 2258 tiliua
611 2206 706 2257 anf
716 2220 986 2272 grausame
1003 2208 1096 2257 Art
1111 2206 1512 2271 umbringen.—
1615 2200 2113 2256 Schiffsbaumeister
2157 2221 2252 2257 aus
2296 2206 2545 2269 Salamis,
2588 2221 2703 2257 von

450 2276 704 2326 Antonius
719 2274 1059 2340 vertheidigte
1074 2273 1163 2323 ibn
1182 2288 1274 2325 aus
1286 2274 1514 2325 Freund·
1616 2270 1738 2320 dem
1761 2270 1892 2320 auch
1929 2273 2019 2322 der
2042 2274 2368 2338 Marstempel
2407 2277 2478 2325 im
2503 2275 2709 2325 Flami·

351 2376 355 2381 -
455 2342 619 2395 schaft
651 2358 816 2409 gegen
849 2343 1025 2394 seinen
1051 2343 1208 2394 Vater
1241 2339 1308 2406 (†
1338 2340 1434 2394 103
1455 2360 1510 2396 v.
1618 2338 1884 2397 ninisohen
1910 2340 2085 2393 Circus
2110 2341 2394 2394 herriihrte.

454 2411 614 2474 Cha),
639 2412 779 2463 Brut.
802 2411 888 2474 45,
912 2420 1006 2463 168.
1057 2411 1122 2462 de
1141 2411 1227 2461 off.
1254 2412 1325 2462 111
1360 2408 1437 2474 16,
1462 2420 1515 2462 67
1685 2406 2011 2459 Herodotus
2037 2412 2083 2460 11
2107 2409 2174 2461 35
2197 2421 2251 2461 55
2285 2412 2421 2462 blieb
2456 2411 2574 2462 dem
2610 2410 2703 2462 61·-

451 2481 521 2531 Μ.
576 2480 765 2530 Marius
822 2478 1142 2543 Gratidianus
1197 2479 1517 2545 propinquus
1618 2474 1892 2525 fentlichen
1916 2476 2087 2528 Leben
2111 2477 2252 2539 fern3
2289 2480 2426 2528 deun
2452 2479 2614 2529 sehon
2639 2480 2701 2529 in

452 2558 626 2599 noster
666 2547 722 2599 C.
765 2546 943 2613 Sergio
984 2548 1165 2598 Oratae
1216 2547 1518 2597 vendiderat
1618 2542 1790 2593 friiher
1803 2544 2053 2594 Zeitnach
2078 2547 2704 2613 seinerUebersiedelung

452 2617 606 2667 aedes
632 2631 739 2681 eas,
766 2630 891 2678 quas
915 2616 981 2665 ab
1006 2615 1188 2665 eodem
1209 2614 1323 2680 ipse
1339 2616 1517 2679 paucis
1619 2624 1722 2660 von
1733 2611 2549 2665 seinerVaterstadtHalikarnass
2561 2614 2699 2666 nach

452 2694 571 2734 ante
611 2684 758 2734 annis
800 2692 1008 2733 emerat.
1063 2683 1167 2732 Eae
1198 2683 1517 2742 serviebant3
1623 2677 1806 2729 Samos
1839 2680 2143 2730 unternahm
2179 2696 2233 2732 er
2265 2696 2369 2731 von
2394 2682 2460 2732 da
2485 2697 2581 2733 aus
2605 2682 2696 2732 die

454 2752 546 2802 sed
567 2751 664 2817 hoc
687 2752 736 2801 in
764 2752 1012 2817 mancipio
1033 2751 1219 2800 Marius
1248 2763 1348 2801 non
1368 2752 1515 2801 dixe·
1621 2745 2082 2811 ausgedehntesten
2095 2749 2267 2799 Land-
2287 2750 2395 2800 und
2409 2749 2702 2811 Secreisen‚

453 2827 551 2868 rat.
618 2819 855 2869 Adducta
900 2833 981 2868 res
1024 2820 1073 2868 in
1130 2817 1373 2868 iudicium
1421 2825 1517 2869 est.
1621 2829 1707 2863 um
1740 2814 1873 2864 dann
1913 2817 2055 2866 diese
2099 2816 2302 2867 reichen
2337 2816 2701 2884 Erfahrungen

453 2886 656 2937 Oratam
680 2884 924 2951 Crassus,
961 2885 1308 2936 Gratidianum
1338 2885 1520 2936 defen·
1620 2882 1673 2930 in
1730 2883 1927 2932 seinem
1982 2899 2197 2946 grosseti
2256 2883 2705 2936 Geschichtswerk

454 2954 606 3004 debat
629 2954 902 3004 Antonius.
955 2953 1040 3003 Ius
1074 2953 1289 3003 Crassus
1321 2967 1519 3017 urgue-
1621 2950 2033 3016 niederzulegen.
2105 2950 2252 3001 Auch
2297 2956 2472 3017 spater
2505 2968 2613 3004 war
2643 2968 2708 3002 er

453 3023 560 3082 bat,
595 3020 751 3086 ‘quod
774 3020 886 3070 vitii
910 3021 1143 3070 venditor
1170 3033 1268 3070 non
1297 3021 1518 3071 dixisset
1620 3018 1772 3067 meist
1794 3018 1887 3067 auf
1902 3020 2086 3069 Reisen
2124 3036 2178 3070 u.
2210 3020 2364 3070 nahm
2399 3016 2500 3070 von
2530 3020 2706 3071 Athen

454 3090 651 3150 sciens,
678 3089 733 3139 id
757 3097 989 3153 oportere
1010 3086 1274 3153 praestari’
1291 3127 1305 3151 ‚
1340 3089 1521 3152 aequi-
1621 3099 1715 3136 aus
1747 3085 1816 3133 im
1850 3085 1897 3135 J.
1933 3087 2036 3136 444
2074 3102 2141 3137 an
2186 3088 2276 3138 der
2309 3088 2523 3138 Kolonie
2570 3087 2708 3138 nach

454 3166 609 3207 tatem
635 3157 915 3216 Antonius,
953 3154 1214 3218 ‘quoniam
1248 3156 1303 3205 id
1337 3157 1518 3206 vitium
1622 3151 1794 3202 Thurii
1819 3153 1983 3204 Theil.
2023 3155 2193 3215 Quint.
2220 3155 2272 3205 X
2296 3155 2353 3218 l,
2380 3164 2430 3205 73
2454 3155 2623 3205 dulcis
2646 3166 2706 3205 et

454 3226 681 3292 ignotum
708 3224 887 3289 Sergio
912 3238 1012 3274 non
1037 3222 1245 3286 fuisset,
1280 3225 1370 3289 qui
1402 3224 1518 3274 illas
1622 3220 1868 3271 candidus
1895 3231 1945 3271 et
1980 3222 2127 3273 fusus
2152 3224 2216 3273 H.
2242 3222 2315 3272 IX
2337 3224 2396 3282 4,
2434 3232 2486 3273 18
2519 3225 2572 3273 in
2597 3222 2712 3273 He-

456 3294 610 3344 aedes
637 3292 964 3357 vendidisset,
987 3291 1107 3342 nihil
1125 3291 1287 3342 fuisse
1306 3306 1519 3342 necesse
1621 3290 1800 3339 rodoto
1825 3304 1948 3340 vero
1971 3305 2088 3341 cum
2115 3292 2285 3340 omnia
2307 3291 2490 3341 leniter
2513 3292 2703 3351 fluunt,

455 3363 582 3421 dici3
617 3376 710 3412 nec
735 3376 853 3411 eum
876 3375 990 3411 esse
1025 3361 1292 3424 deceptum
1306 3396 1321 3419 ,
1355 3361 1441 3424 qui
1463 3360 1519 3410 id
1621 3366 1729 3407 tum
1752 3358 1868 3423 ipsa
1893 3350 2190 3418 διάλεκτος
2212 3357 2364 3409 habet
2382 3373 2496 3408 eam
2517 3360 2707 3409 iucun-

457 3430 594 3492 quod
618 3437 822 3487 emerat,
849 3442 950 3491 quo
972 3430 1083 3478 iure
1107 3435 1243 3478 esset
1267 3424 1361 3492 (—-
1384 3428 1437 3478 d.
1463 3427 1517 3478 h.
1622 3425 1834 3475 ditatem
1851 3461 1866 3487 ,
1913 3435 1970 3474 nt
2014 3426 2228 3476 latentes
2267 3427 2420 3475 etiam
2454 3441 2709 3476 numeros

456 3496 646 3548 welche
685 3486 762 3547 Vc
827 3495 1033 3546 flichtun
1116 3496 1224 3546 und
1263 3494 1524 3546 Berechti-
1627 3506 1740 3543 com
1779 3493 1897 3542 lexa
1916 3493 2168 3545 videatur.

456 3579 600 3631 gung
622 3565 781 3615 daran
823 3564 952 3614 ruhe
977 3590 1041 3600 —
1075 3600 1089 3623 ,
1114 3561 1350 3613 teneret!
1694 3560 1752 3611 Η
1776 3560 1994 3613 eracles
2019 3561 2181 3622 11²3,
2216 3570 2282 3612 95.
2319 3561 2461 3612 Brut.
2494 3558 2593 3623 95,
2627 3570 2717 3612 326

1628 3626 1821 3694 (genus
1845 3630 2097 3679 Asiaticae
2123 3627 2390 3693 dictionis)
2416 3630 2714 3680 sententio-

945 3700 1027 3762 Η,
1629 3711 1741 3746 sum
1776 3706 1827 3745 et
1860 3705 2120 3762 argutum,
2157 3698 2422 3747 sententiis
2460 3711 2563 3747 nou
2600 3708 2712 3747 tam

1628 3764 1870 3831 gravibus
1898 3774 1947 3814 et
1970 3765 2165 3815 severis
2187 3780 2340 3829 quam
2360 3765 2632 3815 concinnis
2656 3774 2715 3814 et

524 3834 816 3889 Hannibal
839 3837 861 3886 Ι
883 3832 966 3895 48,
991 3844 1084 3885 210.
1104 3837 1151 3885 11
1173 3832 1251 3894 18,
1271 3844 1339 3885 75.
1362 3834 1516 3885 Corn.
1630 3834 1885 3893 venustis;
1923 3832 2086 3896 qualis
2111 3858 2176 3868 —
2196 3833 2378 3898 pueris
2411 3833 2557 3884 nobis
2580 3833 2719 3882 Hie—

458 3904 589 3970 Nep.
612 3905 778 3954 Hann.
800 3918 849 3953 c.
874 3902 907 3952 7
931 3903 1100 3953 Marco
1127 3903 1338 3955 Claudio
1363 3903 1522 3953 Lucio
1628 3900 1791 3951 rocles
1822 3900 2174 3964 Alabandeus,
2217 3901 2380 3965 magis
2417 3901 2569 3950 etiam
2594 3901 2714 3951 Me-

458 3973 610 4023 Furio
643 3972 935 4023 consulibus
977 3968 1075 4036 (im
1107 3972 1155 4021 J.
1195 3968 1319 4036 195)
1355 3972 1524 4022 Roma
1627 3968 1797 4019 necles
1821 3966 1976 4017 frater
2001 3969 2111 4019 eius
2135 3968 2246 4025 fixit,
2269 3982 2488 4031 quorum
2509 3969 2716 4019 utrius—

460 4040 615 4105 legati
662 4038 1018 4106 Karthaginem
1064 4048 1331 4089 venerunt.
1415 4039 1520 4089 Hos
1628 4051 1727 4099 que
1751 4036 2005 4086 orationes
2030 4046 2152 4086 sunt
2174 4037 2226 4087 in
2251 4036 2447 4102 primis,
2471 4045 2529 4085 ut
2552 4037 2714 4086 Asia-

458 4107 706 4157 Hannibal
730 4118 870 4158 ratus
894 4108 976 4156 sui
1009 4106 1324 4173 exposcendi
1357 4107 1523 4172 gratia
1626 4105 1726 4153 tico
1749 4105 1804 4154 in
1829 4117 2035 4169 genere,
2061 4103 2363 4155 laudabiles.
2401 4104 2485 4154 Or.
2510 4101 2597 4167 60,
2628 4111 2713 4154 231

462 4173 675 4234 missos,
708 4175 1005 4240 priusquam
1028 4173 1108 4223 his
1132 4181 1340 4224 senatus
1376 4173 1523 4222 dare·
1628 4172 1850 4221 Tertium
1885 4178 1962 4221 est
1996 4169 2217 4237 (genus)
2251 4172 2304 4220 in
2347 4185 2448 4234 quo
2492 4169 2717 4221 fuerunt

463 4247 570 4301 tur,
611 4254 793 4289 navem
834 4241 1063 4290 ascendit
1103 4240 1235 4290 clam
1275 4249 1428 4302 atque
1470 4241 1523 4290 in
1628 4238 1808 4289 fratres
1831 4239 2256 4290 illiAsiaticorum
2276 4238 2535 4289 rhetorum
2555 4240 2713 4304 prin-

1764 4352 1793 4383 δ’
