2930 4693
437 233 568 298 334

445 397 528 463 (d.
554 396 606 447 h.
634 411 699 446 zu
722 394 967 457 erkliren,
992 395 1116 446 dass
1140 408 1196 444 er
1217 408 1319 444 von
1342 393 1512 444 seiner

443 465 686 518 Centurie
710 463 894 529 gewiilt
916 460 1019 527 sei)
1043 463 1098 513 in
1123 463 1285 511 einem
1310 461 1508 512 anderu

444 533 571 584 Sina
619 531 692 582 n.'
718 530 902 599 sprach
949 530 1093 581 scine
1131 528 1342 580 Ansicht
1388 530 1512 580 iiber

445 601 663 652 Manlius
688 597 1044 666 personlichen
1062 597 1362 663 politischen
1378 596 1521 648 Cha«

441 670 611 720 rakter
645 682 766 728 aus,
800 683 853 718 u·
883 681 1017 716 zwar
1039 680 1127 729 so,
1154 666 1252 715 wie
1273 679 1392 715 man
1418 677 1511 730 ge-

438 734 699 789 wchnncn
719 734 819 785 alle
841 734 1155 798 Candidaten
1191 747 1254 783 zu
1279 730 1513 798 empfeh-

437 805 527 855 ien
558 804 774 870 psscgte=
822 802 1093 866 ‘quomodo
1129 815 1307 852 omues
1332 801 1507 850 randi·

435 873 592 924 datos
615 872 777 922 bonos
801 871 938 921 viros
963 870 1216 922 dicimus.’
1241 893 1308 904 --·

513 938 603 1003 (P.
640 934 939 990 Cornelius
969 934 1189 1003 Scipio)
1213 932 1430 987 ⁴Nasica.
1463 936 1511 985 11

435 1005 529 1070 68,
553 1015 631 1057 276
663 1004 918 1056 vielleicht
940 1005 1198 1071 Optimus.
1226 1003 1415 1054 Consul
1438 1003 1511 1052 im

435 1076 497 1127 J.
521 1072 616 1125 191
643 1074 736 1123 mit
761 1073 841 1122 Μ’.
862 1073 1057 1123 Acilius
1082 1070 1304 1123 Glabrio.

434 1197 438 1208 κ
510 1141 578 1195 Ρ.
616 1136 915 1192 Cornelius
950 1137 1140 1206 Scipio
1177 1135 1384 1190 Nasica
1405 1135 1510 1190 Se-

439 1207 605 1329 se
630 1206 1238 1327 11391235..
1253 1204 1511 1327 aare

589 1314 605 1338 9
873 1312 884 1326 ·
999 1312 1012 1334 ν
1225 1314 1238 1327 ·

447 1361 566 1396 zum
614 1343 959 1394 zweitenmale
1005 1343 1080 1393 ais
1123 1342 1372 1394 Candidat
1418 1341 1510 1391 des

444 1413 858 1464 Vollutribunats
893 1411 1105 1473 anstrat,
1154 1426 1238 1461 am
1272 1409 1510 1476 Waltage

439 1483 715 1533 ⁴00an
757 1478 844 1544 (P.
893 1476 1135 1543 Mucium)
1185 1478 1509 1544 languentem

438 1545 700 1614 (iunctm
727 1563 780 1597 er
802 1546 912 1599 sich
935 1547 1187 1612 weigerte,
1209 1543 1404 1595 Gewalt
1424 1558 1515 1610 ge-

441 1631 547 1683 gen
594 1614 849 1667 Gracchus
892 1614 1265 1675 anznwenden)
1306 1613 1516 1679 reliquit

445 1693 600 1749 atque
618 1685 735 1751 ipse
746 1684 976 1749 privatus
1001 1694 1059 1732 ut
1079 1681 1329 1731 siconsul
1351 1687 1510 1742 esset,

438 1753 534 1816 qui
568 1751 929 1818 rempublicam
967 1750 1161 1800 salvam
1195 1763 1310 1799 esse
1341 1748 1512 1806 vellet,

439 1835 505 1871 se
528 1820 675 1883 sequi
693 1819 862 1869 iussit'
888 1815 1066 1883 (Tu-o.
1095 1818 1160 1868 lV
1183 1815 1268 1879 23,
1295 1813 1389 1877 51),
1432 1816 1513 1865 bei

447 1886 665 1937 welcher
687 1884 1017 1951 Gelegenheit
1050 1883 1377 1934 bekanntlich
1400 1883 1512 1934 Tib.

437 1953 704 2004 Gracchus
725 1953 1019 2018 erschlagen
1043 1952 1196 2003 ward.
1223 1952 1290 2001 M.
1305 1951 1516 2001 Fulvius

448 2023 659 2072 Flaccus
703 2033 800 2086 sog
837 2020 925 2070 ihu
964 2019 1094 2070 noch
1128 2020 1178 2069 in
1216 2019 1516 2069 demselben

437 2088 603 2140 Jahre
611 2103 789 2154 wegen
816 2088 905 2138 der
917 2079 1237 2152 Ermordu'ng
1260 2086 1351 2137 des
1363 2086 1517 2138 Grac·

446 2156 578 2208 chus
599 2172 694 2207 vor
717 2155 920 2206 Gericht
942 2172 995 2206 ιι.
1022 2153 1277 2205 derSenat
1298 2169 1403 2204 war
1425 2168 1517 2218 ge-

448 2226 639 2291 notigt,
669 2224 760 2274 ihu
795 2225 866 2274 im
898 2223 1172 2289 folgenden
1203 2221 1388 2287 Jahre,
1427 2237 1516 2271 um

443 2293 539 2344 ibn
564 2294 679 2343 dem
704 2292 836 2343 Hass
862 2290 1288 2358 derVolkspartei
1314 2306 1378 2340 zu
1403 2295 1516 2338 eut·

454 2360 652 2426 ziehen,
679 2361 755 2412 als
781 2360 1069 2412 Gesandten
1094 2359 1225 2409 nach
1237 2359 1517 2425 Pergamus

447 2446 518 2481 zu
543 2429 804 2479 schicken.
852 2428 952 2479 Der
976 2427 1134 2477 Eukel
1159 2428 1249 2477 des
1275 2427 1516 2492 vorigen:

519 2496 586 2548 P.
609 2492 911 2560 *Cornelius
936 2480 1127 2561 Scipio
1145 2492 1353 2546 Nasica
1378 2494 1518 2553 1112,

445 2575 477 2616 8
499 2580 603 2616 war
626 2565 718 2615 des
742 2564 971 2614 Redners
996 2563 1053 2613 L.
1071 2562 1283 2613 Crassus
1296 2560 1518 2612 Schwie-

448 2633 692 2700 gersohn.
723 2633 793 2682 Er
816 2646 918 2681 war
941 2632 1035 2682 mit
1057 2640 1204 2681 unter
1228 2630 1408 2692 denen,
1435 2629 1521 2679 die

452 2703 505 2752 in
530 2701 686 2766 Folge
711 2701 803 2750 des
826 2699 1109 2749 Variscben
1133 2696 1378 2748 Gesetzes
1406 2696 1517 2747 exi-

453 2770 569 2820 liert
589 2768 817 2819 wurden.
867 2767 996 2817 Einl.
1023 2769 1043 2815 1
1067 2763 1101 2846 S
1126 2764 1207 2820 10.
1233 2773 1328 2815 130.

521 2836 587 2887 Ρ.
619 2834 916 2886 Cornelius
941 2833 1132 2901 Scipio
1151 2830 1358 2884 Nasica
1377 2830 1520 2883 Cor-

451 2903 647 2956 culum
680 2902 865 2962 11133,
903 2910 1004 2963 134,
1047 2903 1137 2950 der
1170 2914 1393 2966 proavus
1425 2899 1520 2950 des

450 2971 697 3036 vorigen‚
733 2969 925 3020 Consul
959 2969 1029 3018 im
1063 2970 1112 3018 J.
1141 2948 1239 3017 162
1264 2984 1317 3018 u.
1345 2967 1444 3018 155
1468 2982 1518 3020 v·

452 3038 577 3096 Ch.,
605 3037 799 3089 Censor
821 3038 889 3086 im
914 3037 961 3090 J.
989 3034 1115 3098 169,
1150 3034 1386 3087 Pontifex
1409 3050 1520 3085 ma·

455 3107 630 3157 ximus
655 3106 723 3154 im
746 3105 794 3156 J.
825 3102 946 3162 150,
986 3102 1405 3169 Schwiegersohn
1430 3103 1523 3152 des

453 3174 652 3225 alteren
662 3172 949 3223 Africanus.
975 3173 1125 3223 Tusc.
1154 3174 1175 3222 1
1198 3169 1249 3232 9,
1276 3180 1324 3221 ts
1341 3170 1525 3220 Nasica

453 3242 542 3292 ille
559 3243 807 3307 prudens,
830 3242 910 3292 bis
934 3240 1386 3292 cousulG'orculum
1412 3238 1526 3302 (wie

456 3310 634 3442 Aegius
661 3308 850 3360 Sextus
885 3310 1087 3375 egregie
1121 3308 1357 3358 cordatus
1394 3304 1525 3369 145,

458 3387 535 3429 198
568 3414 580 3427 .

524 3444 588 3496 P.
628 3442 926 3495 Cornelius
961 3441 1204 3494 Rufinus
1247 3444 1291 3493 Π
1324 3440 1423 3504 66,
1451 3450 1529 3491 268

458 3512 726 3563 seichnete
749 3511 860 3562 sich
886 3521 987 3562 erst
1009 3511 1077 3561 im
1099 3510 1528 3573 Samniterkriege

411 3626 414 3629 .
459 3582 532 3630 im
557 3582 604 3630 J.
630 3578 749 3639 290,
774 3594 853 3629 wo
878 3593 940 3628 er·
956 3580 1048 3628 mit
1072 3579 1155 3630 Μ’.
1184 3579 1364 3630 Curius
1388 3577 1528 3626 Den-

457 3656 597 3699 tatus
611 3646 801 3698 Consul
811 3662 932 3709 war,
957 3648 1063 3697 und
1082 3645 1530 3712 spfiterimKriege

457 3717 553 3766 mit
574 3715 800 3780 Pyrrhus
825 3714 986 3764 durch
1010 3715 1094 3765 die
1105 3715 1402 3777 Eroberung
1426 3726 1528 3762 von

458 3783 649 3834 Croton
672 3783 778 3833 und
801 3782 950 3831 Locri
973 3796 1086 3835 aus.
1131 3781 1260 3834 Geli.
1288 3782 1358 3831 IV
1374 3777 1407 3829 8
1432 3780 1530 3831 Fa-

460 3852 647 3903 bricius
657 3850 908 3901 Luscinus
932 3864 1119 3916 magna
1140 3850 1299 3915 gloria
1322 3850 1400 3898 vir
1412 3862 1522 3897 ma-

462 3920 683 3984 gnisque
704 3920 856 3969 rebus
880 3920 1039 3984 gestis
1050 3917 1162 3968 fuit.
1188 3915 1523 3968 P.Cornelius

461 3986 679 4036 Rufinus
703 4001 858 4037 mauu
869 3987 1071 4049 quidem
1097 3994 1333 4036 strenuus
1359 3983 1526 4033 etbel-

462 4053 593 4102 lator
637 4055 801 4104 bonus
849 4055 1184 4118 militarisque
1230 4052 1529 4118 disciplinae

463 4119 941 4182 peritusadmodum
963 4121 1077 4180 fuit,
1103 4121 1194 4170 sed
1210 4120 1531 4185 furaoelzomo

466 4191 519 4230 et
542 4187 761 4236 avaritia
791 4190 920 4238 acri.
979 4189 1122 4237 Hunc
1146 4188 1404 4237 Fabricius
1428 4200 1533 4236 non

1150 217 1629 283 sensianum:
1670 235 1972 290 mancus,

1612 408 1727 445 cum
1752 396 1805 446 in
1829 394 2145 463 temporibus
2156 394 2464 461 reipublicae
2476 393 2653 446 difficil
2663 421 2678 430 ·

1611 463 1747 514 limis
1768 465 2003 515 consules
2017 464 2223 514 creandi
2248 462 2414 514 forent
2438 471 2488 512 et
2510 464 2677 514 isliu-

1613 530 1747 582 fluus
1760 539 1951 598 peteret
1961 532 2283 584 consulatum
2294 532 2677 598 competitores-

1613 614 1715 663 que
1746 600 1859 650 eius
1896 608 2068 650 essent
2108 599 2340 651 imbelles
2385 599 2595 663 quidam
2630 605 2680 648 et

1612 667 1811 730 sutiles,
1846 681 2047 718 summa
2082 680 2179 732 ope
2214 667 2435 718 adnixus
2469 675 2547 717 est
2580 667 2676 715 Fa-

1612 735 1823 798 bricius,
1849 743 1904 785 ut
1928 733 2110 785 Rufino
2136 735 2433 785 consulatus
2458 734 2677 784 deferre·

1612 813 1711 858 tur.
1736 803 1860 853 Eam
1883 817 1987 852 rem
2010 802 2268 869 plerisque
2291 802 2680 864 admirantibus,

1613 871 1749 935 quod
1773 869 2030 921 hominem
2053 885 2288 930 avarum,
2315 871 2395 920 cui
2420 878 2559 920 esset
2581 871 2682 918 ini-

1611 939 1948 999 micissimus,
1985 938 2145 988 creari
2176 938 2438 988 consulem
2466 945 2681 1004 peteret,

1616 1008 1780 1065 ‘malm
1805 1007 1988 1070 inquit,
2013 1008 2138 1057 civis
2157 1019 2234 1056 me
2257 1008 2511 1071 compilet,
2537 1021 2685 1072 quam

1612 1074 1772 1125 hostis
1795 1075 2016 1125 vendat:
2072 1073 2218 1123 Hunc
2239 1072 2480 1124 Rufinum
2506 1081 2686 1138 postea

1614 1142 1691 1193 bis
1716 1142 1981 1192 consulatu
2000 1149 2048 1191 et
2067 1141 2314 1192 dictatura
2337 1140 2571 1192 functum
2588 1141 2686 1191 Fa-

1615 1210 1800 1261 bricius
1833 1218 2015 1259 senatu
2050 1210 2209 1259 movit
2243 1211 2307 1259 ob
2332 1209 2564 1259 luxuriae
2590 1223 2688 1259 no-

1612 1287 1733 1337 tam,
1758 1278 1895 1341 quod
1918 1277 2096 1328 decem
2122 1277 2294 1343 pondo
2318 1275 2477 1327 libras
2488 1277 2689 1342 argenti

1611 1344 1730 1395 facti
1756 1344 1978 1398 haberet.
2034 1344 2206 1404 Quint.
2231 1344 2333 1393 XII
2360 1343 2405 1406 1,
2428 1352 2484 1395 43
2509 1344 2689 1395 Fabri·

1612 1414 1725 1463 cius
1771 1411 2060 1463 Cornelium
2110 1411 2350 1463 Rufinum
2398 1422 2446 1462 et
2494 1412 2690 1474 alioqui

1615 1481 1802 1531 malum
1812 1481 1982 1530 civem
2006 1491 2056 1529 et
2079 1480 2178 1530 sibi
2203 1480 2483 1543 inimicum,
2514 1488 2687 1529 tamen

1615 1548 1734 1613 quia
1757 1547 1934 1597 utilem
1956 1548 2151 1598 sciebat
2162 1546 2363 1609 ducem,
2387 1548 2691 1597 imminente

1615 1616 1747 1666 bello
1795 1616 1961 1681 palam
2009 1617 2260 1666 consuoem
2298 1616 2552 1679 suffraqio
2594 1632 2689 1667 suo

1610 1683 1740 1749 fecit
1774 1681 1911 1747 (also
1947 1682 2105 1733 durch
2138 1682 2237 1733 den
2263 1683 2488 1733 Eiuflnss
2513 1698 2570 1734 n.
2594 1683 2690 1733 das

1616 1749 1827 1801 Ansehn
1848 1751 2021 1800 seiner
2045 1751 2178 1800 offen
2204 1750 2287 1799 fiir
2310 1751 2370 1800 R.
2396 1751 2684 1816 abgegebe-

1616 1834 1715 1869 nen
1738 1816 1980 1884 Stimme)
2005 1827 2156 1882 atque
2179 1819 2549 1869 admirantibus
2574 1819 2693 1880 qui-

1616 1886 1836 1937 busdam
1868 1887 2154 1952 respoudit,
2191 1899 2222 1935 a
2254 1887 2365 1935 cive
2398 1899 2457 1935 se
2481 1885 2691 1952 spoliari

1617 1954 1785 2011 malle.
1810 1954 2050 2015 qnamab
2075 1952 2222 2003 hoste
2244 1954 2437 2003 venire.

1687 2018 1957 2073 Tiberius
1986 2017 2371 2072 Coruncanius
2404 2022 2477 2071 111
2504 2019 2588 2080 15,
2614 2030 2692 2080 56;

1618 2088 1702 2153 33,
1729 2098 1806 2140 134
1829 2087 2022 2139 Consul
2045 2090 2116 2139 im
2139 2087 2189 2138 J.
2213 2087 2331 2150 280,
2359 2088 2692 2153 Zeitgenosse

1619 2158 1710 2207 des
1748 2157 1803 2209 C.
1831 2157 2088 2207 Fabricius
2124 2156 2378 2206 Luscinus
2412 2172 2463 2207 ιι.
2492 2157 2694 2207 Manius

1621 2225 1803 2275 Curius
1850 2225 2121 2286 Dentatus,
2173 2223 2568 2290 ausgezeiebnet
2616 2224 2695 2274 als

1619 2293 1887 2354 Feldherr,
1912 2294 2007 2341 wie
2031 2293 2106 2342 als
2131 2291 2328 2342 rechts-
2355 2291 2459 2341 und
2482 2299 2693 2359 gesetz·

1619 2362 1874 2426 kundiger
1898 2360 2222 2411 Staatsmann
2240 2398 2255 2422 ,
2280 2361 2371 2410 der
2395 2369 2530 2410 erste
2555 2360 2696 2411 Pon·

1619 2428 1746 2480 tifex
1773 2431 2023 2479 maximus
2050 2430 2115 2479 de
2138 2428 2287 2494 plebe
2310 2443 2363 2480 u.
2389 2428 2466 2479 als
2491 2427 2698 2479 solcher

1621 2498 1712 2547 mit
1725 2498 1839 2547 dem
1854 2495 2173 2547 Sakralrecht
2183 2504 2421 2546 vertraut.
2450 2495 2562 2549 Cat.
2573 2497 2696 2547 mai.

1618 2563 1671 2627 6,
1697 2574 1747 2615 15
1772 2562 1934 2615 Ceteri
1960 2579 2112 2613 senes
2137 2563 2377 2623 Fabricii,
2405 2563 2562 2624 Curii,
2591 2563 2703 2614 Co·

1621 2632 1852 2682 runcanii
1878 2645 1993 2681 cum
2019 2631 2379 2697 rempublicam
2406 2634 2622 2683 consilio
2648 2642 2701 2681 et.

1622 2702 1931 2751 auctoritate
1972 2698 2343 2762 defendebant,
2395 2699 2521 2748 nihil
2571 2714 2699 2765 age-

1624 2769 1779 2818 bant?
1820 2768 1944 2817 ibid.
1970 2764 2020 2829 9,
2057 2776 2106 2816 2¹1
2144 2765 2263 2816 Sex.
2299 2767 2478 2817 Aelius
2513 2792 2580 2802 —
2614 2768 2698 2818 Ti.

1624 2836 1971 2887 Coruncanius
1995 2860 2060 2870 --·
2095 2835 2153 2885 P.
2181 2833 2396 2885 Crassus
2413 2872 2426 2897 ,
2464 2850 2499 2885 a
2516 2835 2702 2901 quibus

1623 2906 1739 2954 iura
1761 2903 1949 2953 civibus
1963 2902 2469 2981 praescribebantur.

1695 2971 1758 3021 G.
1783 2969 2049 3021 Aurelius
2076 2968 2254 3020 Cotta
2279 2970 2407 3020 Einl.
2437 2971 2457 3019 l
2483 2966 2515 3036 S
2544 2968 2626 3022 13.
2678 3016 2683 3023 .

1636 3036 1639 3045 '
1693 3039 1755 3090 Ῑι.
1783 3034 2046 3088 Aurelius
2075 3035 2246 3088 Cotta
2282 3039 2328 3086 Π
2352 3038 2446 3096 47,
2483 3046 2577 3089 197.
2627 3039 2704 3088 111

1631 3105 1709 3170 11,
1736 3115 1810 3157 42:
1840 3104 1918 3168 12,
1945 3113 2012 3155 46.
2048 3105 2240 3155 Tribun
2263 3106 2331 3155 im
2356 3105 2402 3156 J.
2427 3103 2512 3158 95.
2548 3106 2703 3156 Brut.

1627 3172 1722 3236 36,
1758 3182 1832 3224 137
1867 3172 1924 3223 L.
1959 3173 2109 3222 etiam
2137 3172 2281 3224 Cotta
2305 3174 2610 3238 praetorius,
2645 3175 2704 3223 in

1625 3241 1955 3291 mediocrium
1971 3251 2224 3291 oratorum
2243 3255 2470 3303 numero,
2493 3242 2706 3291 dicendi

1630 3325 1733 3360 non
1755 3310 1825 3358 ita
1851 3307 2063 3358 multum
2087 3308 2237 3359 laude
2248 3318 2580 3375 processerat,
2604 3309 2708 3360 sed

1630 3379 1694 3428 de
1716 3376 1971 3427 industria
1994 3392 2100 3425 cum
2118 3376 2282 3427 verbis
2302 3384 2400 3426 tum
2412 3374 2568 3426 etiam
2585 3379 2707 3443 ipso

1629 3461 1756 3496 sono
1791 3446 1939 3510 quast·
1969 3443 2253 3496 mbr-mico
2292 3445 2709 3510 persequebatur

1630 3520 1783 3579 atque
1809 3511 2101 3562 ienitabatur
2123 3513 2491 3577 antiquitatem.
2517 3512 2603 3575 74,
2622 3522 2708 3562 259

1631 3580 1779 3631 Cotta
1821 3580 1939 3642 qnia
1962 3593 2019 3628 se
2041 3580 2194 3630 valde
2216 3579 2492 3629 dilatandis
2517 3579 2708 3630 litteris

1630 3663 1662 3697 a
1684 3647 2014 3698 similitudine
2038 3646 2259 3696 Graecae
2281 3647 2552 3697 locutionis
2576 3648 2712 3698 abs-

1632 3724 1853 3766 traxerat
1876 3716 2190 3779 sonabatque
2201 3716 2504 3765 contrarium
2518 3715 2708 3766 Catulo

1632 3784 1934 3847 subagreste
1959 3783 2201 3844 quiddam
2229 3783 2481 3847 planeque
2511 3784 2710 3834 subru-

1633 3852 1814 3902 sticum
1858 3849 1959 3900 alia
2004 3851 2210 3914 quidem
2244 3852 2392 3914 quasi
2424 3850 2615 3901 inculta
2655 3861 2713 3901 et
2746 3872 2751 3879 ·

1622 3917 1846 3970 silvestri
1867 3917 1951 3967 via
1973 3919 2039 3967 ad
2065 3918 2275 3968 eandem
2296 3917 2500 3971 laudem
2522 3933 2717 3985 perve-

1632 3996 1788 4036 nerat.
1850 3985 2023 4045 Quint.
2061 3986 2135 4036 XI
2157 3985 2221 4047 3,
2256 3993 2306 4036 10
2338 3986 2426 4048 qui
2459 3988 2610 4036 etiam
2649 3987 2715 4037 in

1634 4053 1850 4104 dicendo
1876 4068 2048 4103 curam
2083 4062 2132 4103 et
2155 4063 2312 4103 artem
2336 4064 2388 4104 et
2411 4054 2624 4105 nitorem
2652 4065 2716 4105 et

1635 4120 1885 4184 quidquid
1928 4121 2098 4171 studio
2130 4129 2336 4186 paratur
2372 4129 2431 4173 ut
2464 4121 2715 4172 affectata

1636 4202 1686 4238 et
1717 4202 1897 4254 parum
1933 4189 2181 4239 naturalia
2203 4189 2369 4240 solent
2391 4190 2712 4256 improbare,

468 4251 716 4313 probabat
739 4266 903 4316 neque
928 4256 1088 4304 amico
1114 4255 1365 4304 utebatur.
1431 4252 1536 4305 Sed
1640 4257 1719 4307 vel
1737 4256 1827 4320 qui
1848 4255 2110 4309 verborum
2128 4263 2279 4323 atque
2302 4258 2462 4323 ipsius
2478 4259 2595 4309 soni
2608 4273 2714 4310 ru·
