2930 4693
392 212 517 276 116
1015 205 1113 268 DE
1144 203 1500 267 ORATORE
1528 203 1578 266 11
1617 203 1712 265 14.
1742 209 1981 262 55-58,

392 382 453 438 et
495 382 686 438 tractu·
725 375 1009 438 orationis
1048 373 1171 436 leni
1211 380 1271 434 et
1310 371 1604 454 aequabili
1643 371 1955 454 perpolivit
1996 371 2141 433 iilud
2171 390 2347 454 opus;
2402 372 2505 434 sed
2548 380 2618 434 ut

390 461 569 524 homo
601 479 790 542 neque
822 461 1029 523 doctus
1057 478 1251 539 neque
1281 459 1536 520 maxime
1566 463 1738 537 aptus
1766 458 1841 519 ad
1871 456 2202 527 dicendum,
2228 458 2380 519 sicut
2402 459 2612 537 potuit,

392 546 635 617 dolavit;
679 547 819 607 vicit
848 552 1075 614 tamen,
1107 550 1173 604 ut
1202 542 1377 614 dicis,
1410 543 1766 622 superiores,

293 638 361 691 55
556 628 808 693 Minime
849 631 1096 698 mirum,
1139 628 1330 707 inquit
1368 624 1764 699 AN'romUS,
1809 628 1859 687 si
1899 628 2009 689 ista
2050 644 2147 688 res
2177 626 2371 688 adhuc
2410 634 2616 688 nostra

389 715 588 794 lingua
618 714 906 777 illustrata
937 731 1058 775 non
1088 720 1194 773 est.
1240 713 1427 774 Nemo
1458 713 1617 772 enim
1647 711 1843 773 studet
1872 710 2243 792 eloquentiae
2271 718 2615 773 nostrorum

390 800 728 872 hominum,
773 800 887 860 nisi
927 805 993 859 ut
1031 799 1095 858 in
1126 797 1316 858 causis
1355 803 1531 876 atque
1575 796 1637 856 in
1679 796 1812 857 foro
1852 795 2110 866 eluceat;
2158 795 2309 875 apud
2354 796 2616 859 Graecos

390 892 583 946 autem
618 883 1083 965 eloquentissimi
1122 881 1419 952 homineS,
1464 882 1678 942 remoti
1720 899 1753 941 a
1786 882 1977 942 causis
2006 880 2343 942 forensibus
2372 899 2507 941 cum
2538 879 2614 941 ad

390 976 618 1030 ceteras
647 986 745 1029 res
775 967 1033 1028 illustres
1061 973 1187 1027 tum
1217 965 1292 1026 ad
1322 964 1695 1026 scribendam
1718 965 2024 1026 historiam
2048 966 2300 1026 maxime
2331 983 2394 1026 se
2425 964 2615 1046 appli-

390 1060 689 1114 caverunt.
749 1051 1013 1130 Namque
1053 1057 1113 1111 et
1149 1050 1517 1111 Herodotum
1555 1048 1720 1112 illum
1737 1097 1752 1120 ,
1797 1051 1898 1131 qui
1942 1050 2222 1129 princeps
2265 1067 2453 1128 genus
2499 1049 2615 1111 hoc

390 1138 644 1208 ornavit,
687 1138 748 1197 in
793 1137 987 1198 causis
1036 1134 1183 1196 nihil
1223 1137 1465 1195 omnino
1507 1141 1802 1196 versatum
1856 1152 1984 1195 esse
2028 1135 2392 1215 accepimus;
2453 1135 2616 1215 atqui

392 1228 551 1282 tanta
582 1228 671 1282 est
700 1220 1059 1300 eloquentia,
1103 1226 1169 1280 ut
1207 1237 1303 1281 me
1332 1219 1602 1299 quidem,
1645 1226 1931 1299 quantum
1974 1236 2084 1297 ego
2126 1219 2352 1280 Graece
2394 1218 2615 1298 scripta

291 1313 360 1365 56
388 1305 735 1384 intellegere
763 1323 1034 1384 possum,
1080 1322 1294 1382 magno
1325 1322 1508 1383 opere
1539 1303 1817 1375 delectet;
1861 1310 1921 1364 et
1958 1310 2094 1383 post
2120 1301 2287 1364 illum
2318 1301 2613 1382 Thucydi·

391 1391 494 1452 des
524 1408 731 1452 omnes
762 1389 997 1450 dicendi
1025 1389 1273 1450 artificio
1303 1407 1434 1449 mea
1467 1390 1756 1450 sententia
1786 1387 1959 1449 facile
1980 1388 2135 1459 vicit,
2158 1390 2260 1467 qui
2289 1389 2369 1447 ita
2400 1385 2615 1448 creber

390 1481 479 1535 est
519 1490 726 1535 rerum·
761 1475 1093 1554 frequentia
1111 1521 1126 1544 ,
1170 1481 1238 1534 ut
1265 1472 1583 1535 verborum
1612 1491 1801 1553 prope
1832 1489 2146 1533 numerum
2186 1472 2613 1533 sententiarum

389 1577 640 1621 numero
682 1566 1106 1639 consequatur,
1157 1559 1239 1618 ita
1291 1576 1474 1638 porro
1517 1557 1713 1620 verbis
1765 1564 1855 1618 est
1903 1563 2073 1635 aptus
2124 1563 2185 1617 et
2222 1575 2487 1636 pressus,
2549 1564 2617 1618 ut

389 1645 643 1713 nescias,
686 1651 886 1705 utrum
929 1662 1026 1704 res
1057 1644 1323 1705 oratione
1355 1661 1430 1704 an
1459 1642 1639 1703 verba
1669 1643 1976 1703 sententiis
2005 1640 2404 1710 illustrentur;
2452 1643 2613 1722 atqui

317 1725 329 1735 ’
388 1746 463 1790 ne
491 1730 652 1790 hunc
681 1729 948 1808 quidem,
980 1744 1334 1808 quamquam
1365 1734 1455 1788 est
1484 1728 1544 1787 in
1576 1745 1642 1787 re
1671 1726 1904 1806 publica
1936 1732 2218 1803 versatus,
2258 1744 2331 1786 ex
2361 1742 2612 1787 numero

389 1814 724 1893 accepimus
754 1831 989 1883 eorum,
1024 1814 1125 1892 qui
1154 1830 1361 1873 causas
1390 1809 1762 1881 (limitarunt,
1809 1818 1867 1871 et
1894 1811 2004 1871 hos
2045 1809 2230 1872 libros
2270 1817 2393 1871 tum
2426 1811 2612 1889 scrip-

389 1898 535 1958 sisse
565 1896 796 1967 dicitur,
839 1915 971 1957 cum
1004 1914 1036 1957 a
1066 1914 1133 1957 re
1162 1895 1396 1976 publica
1427 1903 1693 1957 remotus
1722 1902 1923 1975 atque,
1955 1894 2013 1955 id
2046 1894 2201 1975 quod
2234 1896 2457 1974 optimo
2487 1895 2610 1955 cui-

289 1988 355 2039 57
387 1999 501 2061 que
531 1981 776 2042 Athenis
815 1979 1086 2041 accidere
1128 1980 1361 2041 solitum
1404 1988 1524 2050 est,
1566 1982 1629 2040 in
1669 1978 1910 2041 exilium
1951 1978 2155 2058 pulsus
2199 1986 2371 2040 esset.
2441 1979 2613 2040 Hunc

391 2071 742 2147 consecutus
782 2072 870 2126 est
900 2065 1245 2143 Syracusius
1275 2063 1583 2135 Philistus,
1628 2066 1756 2144 qui,
1801 2082 1936 2125 cum
1967 2063 2227 2142 Dionysii
2258 2066 2491 2143 tyranni
2525 2063 2612 2124 fa-

323 2150 327 2156 ’
389 2149 817 2212 miliarissimus
859 2157 1039 2219 esset,
1089 2151 1271 2211 otium
1315 2168 1486 2210 suum
1530 2150 1895 2228 consumpsit
1910 2150 1983 2208 -in
2012 2149 2260 2210 historia
2298 2147 2612 2209 scribenda

389 2237 758 2315 maximeque
788 2233 1191 2313 Thucydidem
1224 2240 1337 2304 est,
1384 2234 1536 2294 sicut
1577 2234 1722 2294 mihi
1761 2233 2020 2303 videtur,
2063 2234 2341 2293 imitatus,
2403 2233 2613 2294 Postea

388 2338 528 2381 vero
558 2318 724 2399 quasi
767 2337 837 2380 ex
880 2317 1202 2380 clarissima
1245 2317 1501 2380 rhetoris
1531 2318 1765 2379 officina
1799 2317 1915 2379 duo
1944 2324 2313 2397 praestantes
2352 2317 2609 2397 ingenio,

389 2405 806 2483 Theopompus
836 2410 894 2464 et
923 2404 1213 2483 EphoruS,
1257 2403 1329 2464 ab
1359 2404 1619 2466 Isocrate
1650 2404 1932 2482 magistro
1961 2401 2200 2482 impulsi
2229 2420 2293 2463 se
2324 2402 2397 2462 ad
2427 2403 2610 2463 histo-

225 2484 394 2556 1458
424 2489 570 2549 riam
604 2487 1008 2557 contulerunt;
1061 2505 1266 2548 causas
1307 2489 1548 2548 omnino
1589 2506 1908 2568 numquam
1950 2487 2288 2565 attigerunt.
2348 2487 2612 2567 Denique

389 2576 562 2636 etiam
594 2593 627 2635 a
655 2573 1026 2655 philosophia
1069 2572 1368 2652 profectus
1397 2574 1678 2654 princeps
1707 2571 2067 2651 Xenophon,
2115 2571 2449 2632 Socraticus
2492 2570 2608 2640 ille,

384 2666 519 2738 post
547 2658 619 2720 ab
643 2657 955 2720 Aristotele
987 2656 1388 2727 Callisthenes,
1423 2675 1623 2719 comes
1650 2656 1985 2727 Alexandri,
2019 2657 2255 2736 scripsit
2281 2655 2606 2726 historiam,

387 2743 572 2805 ethic
602 2743 839 2823 quidem
885 2742 1183 2803 rhetoric-o
1225 2760 1414 2822 paene
1454 2759 1654 2812 more;
1695 2739 1795 2802 ille
1835 2748 2031 2803 autem
2074 2741 2345 2822 superior
2387 2740 2610 2802 leniore

386 2826 639 2906 quodam
670 2845 816 2887 sono
848 2833 937 2887 est
964 2844 1138 2897 usuS,
1184 2833 1244 2886 et
1272 2827 1374 2907 qui
1417 2826 1582 2888 illum
1624 2828 1911 2905 impetum
1943 2827 2195 2888 oratoris
2226 2844 2344 2886 non
2377 2824 2608 2895 habeat,

384 2911 702 2972 vehemens
732 2911 980 2970 fortasse
1011 2912 1222 2980 minus
1255 2910 1358 2972 sed
1389 2910 1688 2991 aliquanto
1718 2917 1918 2972 tamen
1949 2918 2068 2980 est,
2101 2917 2167 2971 ut
2195 2910 2340 2970 mihi
2371 2910 2610 2989 quidem

387 2995 635 3064 videtur,
669 2993 915 3055 dulcior.
975 2994 1250 3055 Minimus
1282 3002 1421 3057 natu
1451 2995 1665 3056 horum
1697 2997 1961 3056 omnium
1991 2995 2294 3067 Timaeus,
2327 3001 2610 3074 quantum

388 3085 581 3140 autem
613 3078 877 3140 iudicare
907 3097 1164 3158 possum,
1198 3078 1373 3158 longe
1405 3080 1840 3142 eruditissimus
1870 3086 1929 3141 et
1958 3098 2159 3141 rerum
2191 3081 2359 3160 copia
2389 3087 2449 3140 et
2477 3097 2610 3140 sen-

385 3165 704 3225 tentiarum
728 3164 1005 3224 varietate
1034 3162 1569 3249 abundantissimus
1600 3171 1658 3226 et
1686 3165 1813 3245 ipsa
1844 3166 2269 3244 compositione
2293 3164 2609 3225 verborum

386 3343 436 3382 et
459 3333 648 3393 fluens,
686 3346 788 3382 non
823 3330 948 3382 haec
982 3339 1210 3384 contorta
1243 3340 1293 3382 et
1316 3333 1447 3383 acris
1554 3333 1836 3383 exhistoria
1862 3334 2027 3400 ipsius
2048 3333 2270 3399 perspici
2281 3342 2464 3399 potest,
2480 3348 2609 3396 quae

386 3401 562 3451 oratic.
612 3401 872 3464 distinxit,
900 3398 932 3465 S
957 3397 1038 3451 36.

381 3483 701 3586 ...ἱεᾳᾶῗωῑ
719 3470 1319 3585 Ῑὲιῖᾜῗ.””ιέἓῑ·ῑῖ’ἑιὲἵξίῗὲἑθ
1341 3482 1448 3587 ἰῖᾱ

389 3617 759 3668 angemessene
784 3602 1107 3668 Stilisieruug
1142 3629 1206 3639 -—
1239 3605 1335 3653 wie
1373 3604 1448 3653 sie

384 3672 476 3721 der
544 3669 973 3734 geschichtlichen
1041 3670 1151 3720 ruh'
1260 3670 1445 3720 dahiu-

383 3736 691 3788 fliessenden
715 3737 1040 3803 Darstellung
1062 3686 1445 3803 imgegensatz

385 3822 449 3855 zu
506 3804 599 3854 der
654 3803 1011 3870 gerichtlichen
1071 3805 1213 3854 Rede
1274 3806 1447 3870 eignet

382 3869 442 3938 (S
474 3870 568 3938 64)
608 3899 670 3909 —
715 3871 846 3921 noch
892 3869 1030 3921 nicht
1075 3873 1158 3921 die
1202 3872 1377 3937 gehori
1417 3888 1443 3922 e

385 3940 551 3990 Glfitte
596 3956 660 3988 zu
707 3940 898 4005 geben3
950 3955 1005 3990 es
1049 3954 1153 3989 war
1202 3939 1384 3990 vielme
1421 3957 1445 3990 r

385 4006 527 4055 Alles
541 4021 637 4055 nur
651 4015 753 4057 erst
770 4022 862 4058 aus
884 4007 1000 4058 dem
1013 4004 1212 4058 Groben
1231 4008 1445 4059 hernus-

385 4072 678 4138 gearbeitet.

454 4148 523 4188 55.
557 4140 814 4190 illustrata
838 4157 938 4192 non
962 4146 1061 4199 eat,
1089 4141 1231 4192 Brut.
1255 4142 1341 4207 64,
1368 4152 1445 4195 228

386 4205 543 4258 huius
579 4204 680 4268 (sc.
708 4205 985 4272 Sisennae)
1030 4210 1195 4259 omnis
1225 4210 1443 4261 facultas

1551 3416 1666 3451 cum
1700 3400 1850 3452 facile
1883 3416 2061 3452 omnes
2097 3402 2267 3452 vincat
2301 3402 2607 3468 superioreS,

1548 3476 1657 3518 tum
1693 3469 1884 3519 indicat
1914 3479 2110 3529 tamen,
2148 3479 2391 3534 quantum
2424 3469 2611 3519 absita

1550 3551 1749 3586 summo
1774 3552 2028 3600 quamque
2051 3552 2216 3602 genus
2250 3534 2348 3585 hoc
2371 3536 2610 3602 scriptio-

1552 3604 1630 3654 nis
1668 3606 1898 3654 nondum
1931 3606 1999 3655 sit
2041 3606 2165 3655 satis
2200 3604 2395 3654 Latinis
2430 3603 2609 3654 litteris

1550 3671 1872 3724 illustratum.

1617 3749 1684 3790 sc.
1720 3740 1888 3791 verbis
1921 3746 2000 3790 est
2034 3746 2186 3804 aptus
2225 3738 2364 3790 Brut.
2403 3737 2501 3800 39,
2533 3747 2608 3788 145

1547 3807 1714 3859 verbis
1738 3816 1844 3857 erat
1863 3807 1927 3856 ad
1949 3821 2055 3855 rem
2074 3822 2190 3856 cum
2209 3821 2413 3857 summa
2434 3806 2605 3856 brevi-

1547 3881 1650 3924 tate
1676 3875 1968 3925 mirabiliter
1991 3880 2162 3939 aptus.
2198 3877 2386 3940 optimo
2410 3876 2606 3940 cuique.

1550 3940 1653 3994 Cic.
1690 3942 1848 3991 denkt
1883 3942 1978 3992 wol
2020 3956 2084 3991 an
2133 3943 2231 3992 den
2268 3942 2606 3993 Ostracismus

1546 4026 1597 4059 u.
1637 4008 1821 4059 desseu
1857 4009 2011 4075 Opfer
2056 4008 2364 4074 (Miltiades,
2409 4008 2604 4070 Cimon,

1546 4075 1940 4140 Themistokles,
1966 4077 2218 4128 Aristides
2241 4093 2293 4127 u.
2319 4076 2411 4139 a.)-

1614 4151 1681 4193 58.
1718 4145 1993 4208 vehemens,
2020 4145 2211 4209 kraftig
2234 4161 2287 4195 u.
2306 4142 2604 4210 aufregend‚

1547 4207 1579 4276 S
1603 4208 1686 4260 73.
1712 4209 1832 4262 200.
1857 4211 1974 4262 211.
2000 4210 2116 4263 300.
