2930 4693
436 156 561 224 168
1006 150 1107 214 me:
1136 150 1492 214 ORATORE
1530 151 1582 213 11
1623 150 1725 215 52.
1765 158 2072 213 207-209.

433 320 672 392 laetitia,
694 322 890 393 timor,
919 321 1216 391 molestia;
1258 323 1546 382 sentimus
1582 338 1844 382 amorem
1869 321 2191 391 conciliari,
2232 324 2286 384 si
2305 323 2367 384 id
2387 323 2657 395 videare,

435 406 594 488 quod
622 408 699 467 sit
725 405 867 467 utile
907 404 1070 486 ipsis,
1114 405 1270 485 apud
1311 424 1460 486 quos
1501 422 1655 485 agas,
1700 404 2050 475 defendere:
2089 408 2141 467 si
2181 415 2283 468 aut
2319 426 2433 487 pro
2477 407 2660 472 bonis

436 492 578 552 viris
617 497 717 553 aut
754 498 915 552 certe
954 507 1066 571 pro
1104 492 1216 561 eis,
1268 493 1371 571 qui
1404 489 1523 550 illis
1567 489 1709 551 boni
1751 498 1924 571 atque
1954 488 2129 553 utiles
2167 493 2304 561 sint,
2347 491 2649 555 laborare.

435 576 699 656 Namque
739 575 886 637 haec
925 592 1025 636 res
1065 592 1328 637 amorem
1370 575 1557 654 magis
1598 573 1897 646 conciliat,
1947 573 2050 636 illa
2100 578 2331 638 virtutis
2382 576 2655 641 defensio

436 662 767 730 caritatem3
819 659 1070 741 plusque
1120 659 1380 739 proficit,
1435 660 1488 720 si
1534 662 1885 739 proponitur
1926 678 2061 740 spes
2102 661 2371 723 utilitatis
2412 661 2654 725 futurae

305 758 406 812 207
436 763 611 825 quam
642 745 947 826 praeteriti
976 743 1247 805 beneficii
1277 745 1779 805 commemoratio.
1839 743 2194 807 Enitendum
2225 754 2332 816 est,
2365 754 2425 807 ut
2452 754 2656 809 osten-

436 829 540 890 ‹hs
567 830 631 890 in
661 846 729 890 ea
760 847 845 898 re,
878 847 1052 909 quam
1097 827 1397 898 delendas,
1441 835 1541 890 aut
1581 828 1925 907 dignitatem
1965 831 2160 890 inesse
2189 838 2289 892 aut
2318 830 2652 902 utilitatem,

435 932 705 994 eumque,
748 915 844 973 cui
874 912 1154 975 concilies
1183 911 1341 974 hunc
1370 929 1654 981 amorem,
1699 914 1994 993 significes
2034 913 2180 975 nihil
2221 915 2295 976 ad
2336 915 2653 977 utilitatem

434 1016 599 1059 suam
630 997 928 1059 rettulisse
957 1015 1028 1058 ac
1057 996 1204 1059 nihil
1232 999 1475 1059 omnino
1505 998 1713 1059 iecisse
1744 1017 1918 1061 causa
1947 1015 2071 1060 sua.
2156 998 2458 1060 invidetur
2488 1003 2653 1062 enim

436 1081 763 1144 commodis
791 1081 1409 1162 hominum‘ipsorum;
1442 1082 1649 1145 studiis
1679 1091 1873 1144 autem
1904 1101 2109 1145 eorum
2140 1084 2356 1145 ceteris
2387 1103 2654 1146 commo·

180 1114 279 1242 Ο
305 1180 409 1233 208
437 1166 615 1227 dandi
645 1166 890 1229 lavetur.
975 1166 1423 1247 Videndumque
1451 1168 1568 1229 hoc
1595 1166 1728 1229 loco
1760 1177 1864 1238 est,
1898 1185 1990 1239 ne,
2033 1186 2181 1248 quos
2222 1167 2298 1229 ol)
2340 1168 2654 1231 benefacta

436 1250 601 1329 diligi
629 1248 908 1321 volemus,
942 1270 1147 1313 eorum
1178 1250 1410 1312 laudem
1442 1260 1619 1332 atque
1648 1252 1914 1331 gloriam,
1961 1254 2057 1314 cui
2101 1254 2354 1314 maxime
2392 1253 2651 1315 invideri

435 1334 600 1403 solet,
633 1336 810 1396 nimis
838 1336 1050 1398 efferre
1080 1336 1400 1399 videamur.
1487 1339 1678 1417 Atque
1708 1337 1929 1398 eisdem
1960 1338 2051 1398 his
2080 1355 2154 1399 ex
2183 1336 2328 1398 locis
2357 1345 2418 1399 et
2446 1337 2651 1399 odium

433 1420 494 1480 in
525 1418 671 1481 alios
699 1427 929 1483 struere
958 1420 1251 1483 discemus
1275 1429 1334 1482 et
1355 1439 1389 1482 a
1417 1420 1590 1483 nobis
1611 1439 1679 1482 ac
1704 1422 1921 1483 nostris
1943 1420 2288 1492 demovere3
2322 1420 2651 1503 eademque

434 1504 581 1565 haec
610 1522 830 1583 genera
858 1505 1163 1567 tractanda
1192 1512 1330 1568 sunt
1357 1508 1418 1567 in
1447 1506 1755 1567 iracundia
1787 1505 1876 1567 vel
1906 1505 2214 1567 excitanda
2245 1505 2336 1566 vel
2368 1506 2649 1568 sedanda.

435 1589 582 1650 Nam
623 1591 701 1662 si,
746 1590 904 1670 quod
944 1592 1116 1671 ipsis,
1160 1592 1263 1671 qui
1315 1591 1589 1660 audiunt,
1632 1592 2033 1671 perniciosum
2064 1599 2165 1653 aut
2191 1589 2399 1652 inutile
2428 1593 2535 1661 sit,
2587 1590 2653 1651 id

434 1674 651 1735 factum
684 1692 919 1754 augeas,
963 1676 1160 1738 odium
1193 1683 1458 1747 creatur;
1502 1677 1610 1746 sin,
1654 1675 1808 1756 quod
1839 1685 1939 1736 aut
1965 1678 2028 1736 in
2059 1675 2245 1736 bonos
2277 1677 2432 1736 viros
2461 1677 2655 1737 autin

438 1775 557 1825 eos,
597 1760 661 1820 in
702 1777 850 1840 quos
890 1762 1134 1821 minime
1162 1763 1410 1841 quisque
1451 1760 1739 1831 debuerit,
1786 1761 1975 1821 autin
2005 1778 2130 1821 rem
2163 1760 2480 1841 publicam,
2523 1768 2654 1821 tum

437 1843 742 1913 excitatur,
774 1845 825 1904 si
855 1862 974 1905 non
1003 1853 1122 1906 tam
1154 1845 1434 1907 acerbum
1464 1844 1682 1915 odium,
1728 1853 1924 1906 tamen
1956 1853 2060 1907 aut
2094 1845 2347 1906 invidiae
2390 1853 2492 1906 aut
2530 1845 2655 1906 odii

307 1938 411 1991 209
441 1944 560 1987 non
596 1926 892 1988 dissimilis
920 1929 1184 1991 offensio.
1271 1930 1419 1991 Item
1448 1931 1629 1991 timor
1655 1931 1940 1991 incutitur
1968 1937 2070 1990 aut
2099 1948 2170 1992 ex
2198 1928 2463 2010 ipsorum
2492 1931 2654 2010 peri-

440 2010 586 2072 culis
615 2019 716 2073 aut
745 2030 817 2073 ex
846 2012 1275 2076 communibus.
1362 2014 1619 2076 Interior
1646 2023 1736 2076 est
1761 2013 1862 2074 ille
1890 2016 2197 2094 proprius;
2240 2014 2344 2076 sed
2377 2015 2475 2076 hic
2504 2032 2652 2094 quo-

310 2094 396 2170 52
438 2114 552 2175 que
595 2098 925 2159 communis
966 2097 1040 2158 ad
1082 2098 1330 2159 eandem
1374 2098 1819 2160 similitudinem
1872 2106 1962 2160 est
2018 2098 2450 2179 perducendus.
2536 2098 2655 2161 Par

438 2189 612 2260 atque
651 2199 769 2242 una
810 2183 961 2244 ratio
1001 2189 1094 2244 est
1130 2184 1276 2262 spei,
1319 2182 1595 2253 laetitiae,
1639 2182 1972 2253 molestiae;
2016 2184 2118 2245 sed
2151 2183 2309 2244 haud
2351 2186 2533 2245 sciam
2576 2201 2652 2244 an

435 2267 761 2327 acerrimus
789 2265 965 2346 longe
995 2269 1070 2328 sit
1099 2270 1362 2329 omnium
1392 2276 1589 2329 motus
1615 2268 1869 2329 invidiae
1900 2286 2012 2329 nec
2041 2269 2237 2331 minus
2267 2270 2478 2329 virium
2504 2286 2656 2350 opus

435 2350 512 2411 sit
538 2353 600 2411 in
631 2369 700 2412 ea
730 2353 1175 2432 comprimenda
1205 2372 1379 2435 quam
1412 2355 1475 2414 in
1505 2353 1834 2415 excitanda.
1921 2354 2191 2415 Invident
2222 2365 2418 2414 autem
2459 2354 2653 2415 homi-

436 2453 544 2496 nes
571 2437 826 2498 maxime
854 2436 1098 2517 paribus
1127 2446 1228 2500 aut
1254 2439 1653 2509 inferioribus,
1687 2457 1822 2499 cum
1852 2456 1916 2499 se
1944 2438 2184 2501 relictos
2212 2439 2490 2509 sentiunt,
2520 2437 2658 2499 illos

480 2706 735 2768 amorem,
767 2691 921 2742 Arist.
946 2691 1096 2742 Rbet.
1123 2693 1167 2741 11
1193 2692 1225 2741 4
1252 2685 1390 2743 ἔστω
1414 2681 1489 2757 δὴ

433 2750 498 2809 τὸ
525 2759 719 2838 φιλεῖν
741 2752 805 2810 τὸ
830 2750 1150 2824 βουλεσθοιί
1171 2777 1284 2811 τινι
1307 2748 1348 2809 ἃ
1372 2758 1491 2810 οἴε-

431 2841 528 2876 ται
551 2817 755 2904 ἀγαθὰ
781 2819 1065 2879 ἐκείνου
1089 2822 1293 2879 ἕνεκα
1318 2819 1489 2878 αλλὰ

432 2884 634 3012 23:⁵²⁵
646 2889 1066 3014 {3:25223552
1081 2887 1349 3014 “zm.
1346 2909 1492 3012 ’‘43⁰ss

431 3027 802 3093 Vulgatlesart.
849 3032 896 3080 si
925 3031 981 3080 id
1024 3030 1153 3081 velle
1186 3032 1391 3081 videare
1425 3057 1491 3066 -—

434 3095 726 3147 defendere.

493 3196 598 3247 pro
621 3181 763 3233 bonis
782 3183 910 3234 viris
943 3209 1009 3220 —-
1040 3198 1106 3233 an
1130 3183 1238 3234 und
1261 3163 1490 3242 ffir'sich,

433 3249 652 3307 absolnt;
665 3251 766 3302 iuis
776 3251 883 3301 also
896 3252 1202 3317 wenigstens
1219 3251 1490 3317 subjectiv;

432 3317 610 3368 beides
635 3318 702 3377 ist
723 3319 923 3370 virtutis
949 3320 1196 3371 defensio.

368 3448 384 3461 ,
497 3403 629 3454 naec
646 3418 736 3454 rea
757 3428 824 3439 —-
847 3418 994 3453 wenn
1015 3419 1135 3454 man
1162 3405 1255 3454 das
1279 3407 1493 3469 person-

429 3470 560 3589 1ΒίξὲΙῖ
554 3471 818 3589 {interesse
834 3472 928 3522 des
948 3472 1146 3523 andern
1163 3488 1229 3522 zu
1247 3471 1489 3522 scht'itzen

497 3624 778 3682 car-itatem,
803 3622 886 3674 Or.
911 3632 1038 3689 part.
1063 3623 1150 3685 25,
1173 3632 1226 3675 88
1242 3623 1494 3673 amicitiae

430 3700 601 3740 autem
644 3691 851 3742 caritate
895 3702 945 3741 et
983 3706 1159 3743 amore
1201 3699 1494 3741 cernuntur.

430 3758 558 3809 Nam
582 3775 696 3812 cum
722 3759 934 3810 deorum
956 3769 1065 3810 tum
1090 3767 1371 3824 parentum,
1397 3773 1491 3825 pa·

427 3828 657 3890 triaeque
696 3827 861 3877 cultus
896 3841 1173 3891 eorumque
1207 3827 1491 3891 hominnm,

430 3898 622 3959 quiam.
639 3894 908 3960 sapientia,
929 3905 1015 3945 aut
1034 3896 1219 3961 opibus
1240 3894 1495 3945 excellunt

430 3963 497 4012 ad
531 3965 788 4014 caritatem
835 3961 1011 4013 referri
1045 3964 1201 4022 solet3
1249 3963 1493 4028 coniuges

430 4038 602 4094 autem
624 4041 676 4081 et
698 4031 843 4082 liberi
873 4041 922 4080 et
943 4027 1125 4082 fratres
1151 4038 1200 4080 et
1222 4031 1336 4089 alii,
1362 4044 1493 4093 quos

430 4111 558 4147 usus
579 4097 999 4161 familiaritasque
1017 4099 1297 4163 coniunxit,
1317 4113 1495 4163 quam-

433 4177 586 4227 quam
602 4166 756 4216 etiam
771 4167 978 4217 caritate
993 4168 1124 4233 ipsa,
1136 4175 1305 4217 tamen
1320 4180 1496 4216 amore

1591 2692 1812 2741 maxime
1835 2692 2170 2741 continentur.
2197 2691 2324 2742 ibid.
2351 2689 2434 2745 16.
2460 2700 2511 2742 5⁸
2553 2692 2653 2744 Ge·

1591 2768 1803 2824 gensatz
1828 2774 1926 2809 von
1954 2758 2191 2825 Achtung
2213 2761 2320 2810 und
2345 2760 2518 2809 Liebe.

1659 2853 1754 2894 207.
1793 2843 2104 2910 άίρηίιαίεὶη,
2132 2844 2291 2903 Ehre,
2316 2845 2350 2907 S
2374 2842 2494 2896 334.

1659 2937 1753 2978 203.
1779 2929 1967 2980 eisdem
1988 2929 2067 2980 Ιιίε
2090 2944 2161 2980 ex
2184 2929 2308 2980 locis
2326 2954 2394 2965 —-
2409 2943 2504 2978 aus
2527 2928 2654 2978 den·

1594 2996 1771 3050 selben
1797 2998 1925 3046 eben
1958 2998 2293 3062 angel'iihrten
2322 2998 2656 3047 Fuudstdtten

1593 3065 1717 3114 oder
1732 3063 1960 3124 Quel‚len
1986 3064 2017 3125 S
2041 3063 2157 3120 248.
2186 3065 2302 3113 wie:
2332 3066 2508 3115 eadem
2529 3065 2659 3114 haec

1588 3147 1799 3223 genera,
1815 3131 2090 3183 ‘dieselbeu
2104 3131 2535 3198 Gesichtspunltte
2544 3132 2658 3197 gel-

1592 3196 1716 3249 ten!

1660 3268 1896 3333 offensio,
1923 3267 2036 3316 eine
2059 3266 2657 3331 feindlicheStimmung,

1487 3369 1494 3374 -
1595 3335 1678 3385 die
1712 3335 1966 3385 eutweder
1996 3348 2097 3385 von
2131 3333 2506 3400 persiiulichem
2533 3334 2654 3385 Mis-

1594 3402 1745 3452 fallen
1771 3404 1897 3453 oder
1912 3403 2165 3467 geradezu
2186 3416 2285 3452 von
2310 3401 2660 3467 personlicher

1594 3470 1921 3535 Erbitterung
1945 3470 2082 3520 nicht
2099 3471 2197 3520 viel
2219 3469 2553 3520 verschieden
2569 3471 2658 3524 ist.

1661 3563 1755 3607 209.
1794 3554 2028 3605 Interior
2045 3578 2108 3589 ·-—
2131 3553 2290 3604 nahei-
2312 3554 2518 3604 beruhrt
2540 3568 2657 3604 uns.

1594 3648 1662 3657 —
1684 3624 1757 3674 ad
1777 3624 1989 3674 eandem
2009 3624 2401 3680 similitudinem,
2426 3636 2484 3672 so
2510 3624 2656 3671 nim·

1595 3689 1724 3754 lich,
1761 3692 1884 3741 dass
1918 3690 2003 3740 die
2025 3690 2328 3755 allgemeine
2352 3688 2541 3739 Gel'ahr
2565 3705 2656 3738 zu·

1594 3758 1763 3823 gleich
1785 3760 1863 3809 als
1887 3759 2002 3808 eine
2024 3757 2346 3823 personliche
2364 3755 2661 3822 dargeotellt

1593 3827 1735 3876 wird.

1663 3893 1748 3944 52.
1768 3893 1983 3959 paribus
2001 3901 2115 3951 etc„
2143 3907 2288 3943 wenn
2307 3893 2384 3944 sie
2405 3907 2503 3943 von
2522 3892 2659 3942 Leu-

1595 3969 1679 4011 ten
1728 3961 1960 4024 gleichen
2007 3962 2132 4012 oder
2186 3976 2279 4026 gar
2336 3960 2654 4025 niedrigeren

1596 4029 1816 4080 Standes
1851 4028 1960 4079 sich
1992 4029 2290 4094 fiberssiigelt
2322 4028 2498 4082 seben.
2539 4026 2657 4090 Vgl.

1595 4098 1753 4149 Arist.
1780 4095 1925 4147 Rhea.
1956 4099 2000 4148 ll
2028 4096 2109 4147 10.
2155 4099 2409 4160 motasse,
2445 4095 2661 4162 Nagela·

1595 4162 1725 4215 bach
1748 4164 1858 4216 Lat.
1886 4164 1995 4217 Stil.
2021 4161 2054 4231 S
2081 4162 2194 4228 132,
2219 4174 2264 4214 2.
