2930 4693
943 231 1042 295 DE
1074 230 1430 296 ORATORE
1458 234 1485 295 1
1516 235 1575 294 4.
1613 241 1693 294 15.
1732 240 1809 294 ιο.
2403 241 2479 304 11

189 473 195 480 ,
236 403 414 464 ιιιιιιιι
443 403 709 481 gentium
740 404 1058 464 constituto
1090 403 1442 466 diuturnitas
1472 406 1635 485 pacis
1665 406 1849 465 otium
1880 406 2274 476 confirmavit,
2307 424 2483 468 nemo

234 487 375 548 fere
405 487 598 549 laudis
639 487 885 567 cupidus
925 487 1272 550 adulescens
1314 507 1435 551 non
1480 489 1593 551 sibi
1634 490 1709 551 ad
1751 489 2067 553 dicendum
2097 490 2292 551 studio
2321 492 2486 552 omni

233 571 589 633 enitendum
634 574 874 652 putavit.
963 575 1046 634 Ac
1086 575 1279 652 primo
1320 575 1558 654 quidem
1610 576 1789 635 totius
1829 576 2078 637 rationis
2115 577 2340 657 ignari,
2384 577 2486 656 qui

231 674 441 737 neque
482 658 924 719 exercitationis
964 657 1145 719 ullam
1186 661 1338 720 viam
1382 678 1577 759 neque
1630 658 1881 740 aliquod
1913 667 2296 741 praeceptum
2341 662 2484 723 artis

230 759 371 803 esse
397 740 855 814 arbitrarentur,
882 750 1128 814 tantum,
1153 754 1435 824 quantum
1458 746 1700 823 ingenio
1723 752 1784 806 et
1808 747 2166 824 cogitatione
2188 753 2480 824 poterant,

166 830 175 839 '
230 826 783 907 consequebantur.
861 828 1003 889 Post
1042 835 1237 905 autem
1287 829 1501 891 auditis
1542 829 1878 891 oratoribus
1919 831 2161 892 Graecis
2206 831 2485 910 cognitis·

230 929 357 992 que
382 930 595 972 eorum
617 910 832 975 litteris
852 911 1250 994 adhibitisque
1272 913 1615 976 doctoribus
1643 914 1981 976 incredibili
2009 914 2263 995 quodam
2295 916 2485 976 nostri

126 1070 132 1077 ⁴
227 996 520 1059 homines
562 996 799 1057 dicendi
837 997 1030 1059 studio
1059 998 1473 1077 flagraverunt.
1543 999 1852 1065 Excitabat
1895 1018 1996 1061 eos
2036 1000 2381 1079 magnitudo
2411 1018 2480 1061 ac

230 1083 499 1142 varietas
529 1080 1004 1162 multitudoque
988 1101 1050 1144 ιιι
1082 1085 1244 1144 οιιιιιι
1273 1101 1496 1162 genere
1526 1103 1853 1156 causarum,
1887 1094 1952 1146 ut
1982 1085 2056 1151 ad
2088 1103 2218 1146 eam
2264 1085 2484 1146 doctri·

231 1184 413 1236 nam,
461 1183 639 1246 quam
671 1185 779 1228 suo
810 1170 1058 1248 quisque
1089 1169 1283 1230 studio
1315 1169 1629 1233 adsecutus
1660 1178 1844 1240 esset,
1891 1170 2315 1249 adiungeretur
2343 1189 2485 1232 usus

233 1251 571 1331 hequem,
624 1254 725 1332 qui
767 1255 1029 1314 omnium
1071 1252 1494 1332 magistrorum
1535 1265 1852 1335 praecepta
1883 1262 2211 1335 superaret.
2301 1256 2487 1317 Erant

234 1343 448 1397 autem
478 1336 617 1397 huic
647 1337 843 1398 studio
872 1340 1145 1408 maxima,
1178 1357 1330 1419 quae
1360 1358 1520 1403 nunc
1551 1358 1785 1420 quoque
1814 1348 1984 1411 sunt,
2018 1342 2282 1419 exposita
2311 1359 2484 1420 prae-

234 1421 361 1483 mia
405 1419 500 1481 vel
540 1421 615 1481 ad
658 1425 909 1500 gratiam
949 1421 1041 1483 vel
1082 1423 1156 1484 ad
1197 1442 1341 1503 opes
1381 1424 1470 1485 vel
1515 1424 1590 1485 ad
1640 1424 2006 1503 dignitatem.
2065 1425 2312 1504 Ingenia
2341 1444 2484 1486 vero

237 1503 328 1585 (ιιι
368 1504 575 1566 multis
614 1506 801 1568 rebus
833 1526 1148 1587 possumus
1190 1508 1472 1591 iudicare)
1516 1518 1855 1571 nostrorum
1897 1510 2206 1571 hominum
2234 1510 2484 1572 multum

235 1591 464 1652 ceteris
486 1590 827 1685 hominibus
847 1594 1111 1654 omnium
1140 1595 1404 1672 gentium
1433 1596 1875 1675 praestiterunt.
1936 1594 2162 1668 Quibus
2191 1595 2265 1656 de
2295 1597 2486 1656 causis

308 1794 626 1844 diuturnitas
662 1796 829 1859 pacis.
876 1793 907 1862 S
940 1794 1023 1846 30.
1059 1795 1199 1847 Brut.
1233 1795 1313 1857 12,

235 1869 290 1911 45
313 1861 427 1911 Nec
447 1862 583 1911 enim
598 1863 653 1911 ιιι
673 1863 1097 1914 constituentibus
1115 1877 1318 1927 rempu-

238 1929 431 1978 blicam
466 1945 561 1978 nec
592 1929 647 1978 in
671 1930 796 1981 bella
824 1933 1115 1995 gerentibus
1152 1932 1316 1982 necin

239 1996 508 2062 impeditis
541 2011 601 2046 ac
634 2013 812 2063 regum
849 2000 1190 2050 dominatione
1225 2000 1315 2049 de

240 2065 432 2114 vinctis
470 2066 612 2114 nasci
645 2068 900 2131 cupiditas
922 2069 1127 2118 dicendi
1158 2067 1313 2127 solet;

239 2133 390 2198 pacis
426 2142 505 2182 est
538 2147 709 2184 comes
746 2135 934 2200 otiique
969 2136 1108 2186 socia
1143 2145 1193 2185 et
1214 2136 1316 2185 ia'm

240 2201 378 2251 bene
390 2201 695 2250 constitutae
708 2203 929 2253 civitatis
942 2204 1089 2267 quasi
1106 2204 1242 2253 alum
1249 2218 1313 2255 na

242 2268 499 2329 quaedam
524 2269 825 2333 eloquentia.

310 2338 474 2388 totius
503 2339 722 2390 rationis
745 2340 939 2404 ignari,
976 2339 1110 2391 ohne
1134 2339 1313 2404 irgend

240 2404 439 2455 welche
472 2404 810 2456 theoretische
832 2409 1140 2458 Erkeuntnis
1177 2408 1226 2458 d.
1253 2408 1311 2458 B.

308 2476 446 2525 viam
470 2501 535 2510 —
571 2475 719 2524 einen
745 2475 1089 2525 ordentlichen
1115 2475 1311 2528 metho-

242 2541 464 2591 discben
487 2542 650 2607 Gang.
700 2542 838 2595 Brut.
867 2542 958 2606 12,
982 2552 1052 2596 46.

310 2610 653 2674 cogitatione,
693 2610 869 2660 ‘durch
904 2613 1111 2677 eigenes
1146 2610 1317 2661 Nach-

244 2676 503 2740 denkenss
526 2678 658 2727 ohne
675 2677 1078 2745 Unterweisung.

310 2745 448 2795 Post
491 2744 591 2795 Cic.
630 2747 738 2811 gibt
769 2747 878 2797 also
917 2748 1031 2797 eine
1063 2745 1320 2797 dreifache

244 2811 432 2872 Quelle
475 2813 812 2865 rhetoriscber
860 2815 1166 2865 Erkenntnis
1225 2830 1317 2865 an:

247 2879 310 2944 1)
360 2879 445 2930 die
477 2881 726 2947 Vortrage
768 2883 857 2932 der
893 2882 1081 2947 griech.
1118 2883 1321 2933 Redner

244 2948 441 3008 selbst,
478 2947 540 3013 2)
575 2950 658 3000 die
689 2950 1197 3001 Litteraturkenntnis
1231 2951 1321 3002 der

243 3015 442 3081 griecb.
457 3016 839 3068 Beredsamkeit
865 3036 911 3071 ιι.
935 3018 993 3081 3)
1012 3020 1095 3069 die
1114 3019 1333 3069 theore-

241 3083 414 3134 tische
430 3084 814 3152 Unterweisung
836 3087 1028 3152 griech.
1042 3087 1315 3139 Rhetoren.

320 3161 387 3202 1⁵.
414 3153 695 3216 excitabat,
717 3157 995 3220 ‘auregend
1011 3172 1061 3209 u.
1076 3155 1318 3207 fordernd

243 3220 431 3271 wirkte
454 3221 622 3271 dabei.
627 3224 642 3244 '

321 3291 610 3354 magnitudo
635 3298 730 3341 eto.
788 3289 889 3340 Das
923 3306 1025 3341 war
1046 3292 1315 3343 insbeson-

248 3357 375 3408 dere
399 3358 453 3406 in
478 3357 634 3422 Folge
669 3358 758 3408 der
784 3360 1106 3421 quaestiones
1131 3374 1317 3425 perpe—

248 3434 391 3484 tuae,
410 3424 830 3491 derEinl'iihrung
852 3428 1159 3477 besonderer
1178 3431 1321 3477 stan-

250 3491 763 3558 digerGerichtsbiife
787 3495 1011 3558 derFall,
1038 3494 1319 3559 gleichfalls
1368 3527 1375 3536 ι

248 3574 343 3611 ιιιιι
394 3561 478 3612 die
513 3561 655 3611 Mitte
700 3563 791 3613 des
827 3564 877 3613 2.
914 3563 1089 3614 Jahrb.
1125 3579 1175 3614 v.
1203 3562 1321 3614 Chr.

251 3627 481 3679 Seitdem
496 3631 763 3696 begannen
782 3630 865 3680 die
878 3631 1075 3696 jungen
1094 3631 1318 3681 vorneh-

251 3711 371 3747 men
406 3697 594 3749 Romer
624 3697 733 3747 ihre
756 3698 897 3764 polit.
923 3698 1193 3749 Laui'bahn
1227 3700 1318 3749 da-

251 3764 371 3824 mit,
408 3765 486 3816 als
520 3768 721 3831 patroni
751 3769 804 3817 in
839 3767 938 3817 den
963 3766 1316 3833 mannigi'ach-

251 3841 365 3886 steu
387 3833 672 3885 Processen
709 3835 1044 3886 aufzutreteu.
1116 3836 1218 3885 Fiir
1238 3835 1324 3885 die

252 3901 580 3968 Ausbildung
621 3902 688 3952 im
729 3918 894 3968 genus
929 3903 1319 3954 deliberativum

253 3968 422 4019 fernen·
454 3971 622 4035 gaben
659 3971 742 4022 die
780 3972 877 4022 seit
906 3971 1055 4035 jener
1078 3972 1188 4020 Zeit
1211 3971 1319 4022 sich

252 4035 544 4089 bausenden
556 4038 1320 4090 tribunicischenGesetzesvor·

254 4104 459 4172 schliige
484 4122 535 4157 ιι.
563 4107 646 4158 die
672 4109 828 4157 damit
850 4109 1213 4159 verbundenen
1225 4107 1321 4157 De·

257 4173 426 4236 batten
481 4174 723 4226 reicblich
769 4176 1166 4240 Veranlassung.
1251 4175 1319 4225 So

252 4251 349 4292 trat
382 4259 451 4294 zu
483 4244 584 4295 den
618 4245 991 4298 Privatstudien
1024 4245 1106 4294 die
1140 4244 1319 4295 Praxis

1419 1799 1513 1913 ges
1537 1797 1738 1849 Lebens
1784 1799 2046 1863 auregend
2085 1798 2191 1848 und
2232 1798 2487 1849 belebend

1454 1880 1592 1916 inzu.

1486 1957 1763 2016 superaret
1793 1951 1883 2001 der
1905 1966 1971 2000 an
2001 1950 2111 2001 sich
2136 1950 2487 2016 selbstt‘indige

1421 2017 1665 2068 Gedanke
1676 2019 1742 2069 ist
1754 2018 1910 2069 durch
1924 2019 2036 2068 eine
2082 2035 2179 2069 anz
2192 2019 2393 2069 iibliche
2398 2022 2488 2070 Art

1420 2085 1703 2136 Atti-action
1736 2088 1788 2136 in
1832 2087 1930 2137 den
1957 2085 2027 2136 Ge
2064 2089 2234 2137 anken
2270 2088 2361 2138 des
2387 2087 2484 2138 Ne-

1418 2155 1688 2204 bensatzes
1700 2153 1785 2219 (ut
1795 2183 1857 2191 —-
1870 2154 2254 2220 adiungeretur)
2267 2155 2360 2203 mit
2380 2155 2485 2203 ein·

1416 2214 1747 2284 verilochten3
1777 2222 1933 2272 daher
1950 2221 2060 2272 hier
2083 2223 2172 2272 der
2186 2222 2485 2273 Coniunctiv

1416 2290 1728 2356 imperfecti,
1783 2291 1878 2339 wie
1923 2291 2093 2340 weiter
2132 2298 2286 2340 unten
2332 2288 2362 2357 S
2401 2287 2486 2340 91.

1417 2374 1547 2423 quos
1582 2368 1715 2409 artes
1741 2359 1876 2409 illius
1902 2359 2193 2409 inventores
2221 2370 2269 2409 et
2293 2360 2480 2425 princi-

2526 1006 2590 1058 15

2534 1595 2596 1646 16

1415 2442 1509 2493 pes
1535 2426 1694 2478 fuisse
1717 2435 1995 2480 constaret.
2044 2426 2181 2476 Brut.
2209 2427 2268 2490 2,
2296 2439 2321 2477 6
2346 2426 2486 2489 quod
2561 2446 2565 2448 ⁴

1412 2495 1602 2559 fuisset
1624 2496 1769 2559 quasi
1795 2495 2045 2545 theatrum
2070 2494 2205 2545 illius
2229 2495 2442 2560 ingenii.

1488 2581 1734 2644 exposita
1761 2581 2019 2644 praemia,
2078 2578 2357 2643 gleichsam
2412 2578 2489 2627 als

1420 2646 1771 2712 Siegespreise
1783 2647 1862 2697 fiir
1872 2648 1955 2697 die
1965 2646 2334 2710 Kiimpfenden.
2347 2646 2488 2696 Brut.

1419 2712 1503 2773 49,
1526 2722 1600 2764 182
1623 2715 1739 2764 volo
1765 2715 1900 2763 enim
1926 2715 2059 2774 sciri,
2082 2715 2135 2764 in
2160 2723 2299 2764 tanta
2318 2722 2490 2764 ettam

1421 2792 1592 2832 vetere
1609 2782 1869 2848 republica
1884 2784 2371 2848 maximispraemiis
2382 2784 2491 2833 elo-—

1421 2851 1659 2917 quentiae
1682 2851 1958 2917 propositis
1983 2865 2160 2901 omnes
2184 2851 2391 2917 cupisse
2416 2852 2493 2901 di-

1422 2933 1554 2979 cere,
1568 2933 1669 2969 non
1681 2920 1926 2985 plurimos
1947 2934 2102 2970 ausos
2115 2934 2246 2982 esse,
2261 2918 2492 2985 potuisse

1421 3002 1636 3053 paucos.

1490 3074 1563 3123 ad
1578 3087 1703 3137 opes
1720 3073 1772 3122 in
1783 3071 2080 3139 Beziebuug
2091 3070 2490 3138 aufpolitischen

1418 3140 1645 3191 Einfluss
1669 3157 1720 3192 u.
1750 3140 2032 3207 uberhaupt
2055 3142 2137 3191 die
2160 3141 2345 3199 Mittel‚
2383 3139 2491 3190 sich

1382 3235 1399 3248 ι·
1419 3208 1674 3258 imStaate
1692 3208 1897 3273 geltend
1917 3224 1981 3259 zu
2000 3208 2231 3269 macheu,
2242 3210 2315 3259 ad
2329 3210 2494 3273 diyni-

1421 3283 1577 3327 tatem
1610 3278 1663 3326 in
1686 3277 1861 3343 Bezug
1891 3277 1985 3327 aui*
2001 3277 2224 3343 peradul.
2250 3276 2491 3326 Ansehen

1423 3342 1545 3407 (das
1572 3345 1706 3394 einer
1730 3345 1782 3395 in
1806 3346 1963 3426 Folge
1987 3346 2154 3396 seiner
2178 3344 2413 3410 Stellung
2437 3359 2489 3394 u.

1422 3413 1808 3479 Anerkennung
1845 3416 2013 3464 seines
2056 3413 2358 3464 Charakters
2396 3426 2490 3477 ge-

1422 3477 1633 3545 niesst).
1973 3483 1997 3508 ⁶

1491 3565 1712 3631 Inyenia
1735 3574 1830 3616 etc.
1890 3561 2030 3616 Noch
2058 3565 2254 3616 starker
2278 3566 2383 3615 tritt
2404 3565 2488 3615 die

1423 3632 1875 3698 Ueberschatzung
1898 3634 1988 3684 der
2008 3632 2296 3684 romischen
2319 3633 2492 3683 Natio-

1424 3700 1638 3750 nalitat
1625 3714 1696 3750 im
1721 3701 1989 3766 Vergleieh
2011 3703 2106 3750 mit
2128 3701 2353 3751 anderen
2367 3701 2492 3751 vol-

1423 3770 1581 3833 kern,
1608 3769 1715 3819 bes:
1742 3770 1839 3819 den
1867 3768 2145 3832 Griechen,
2170 3770 2324 3820 Tusc.
2351 3771 2373 3819 Ι
2402 3766 2447 3828 l,
2469 3777 2490 3818 1

1423 3835 1634 3886 hervor:
1671 3851 1841 3888 meum
1875 3852 2077 3917 semper
2096 3805 2340 3888 iudicium
2379 3836 2490 3898 fuit,

1421 3906 1593 3955 omnia
1612 3914 1814 3956 nostros
1833 3913 1922 3956 aut
1940 3905 2200 3955 invenisse
2217 3920 2310 3971 per
2329 3920 2386 3955 se
2404 3919 2493 3954 sa·-
2553 3915 2556 3920 '

1420 3973 1645 4039 pientius
1671 3988 1824 4037 quam
1843 3972 2062 4024 Graecos
2087 3980 2177 4022 aut
2200 3983 2406 4039 accepta
2427 3974 2491 4022 ab

1422 4040 1523 4090 illis
1547 4040 1731 4090 fecisse
1755 4042 1977 4095 meliora.
2013 4041 2114 4091 Das
2134 4041 2257 4091 aber
2271 4041 2340 4091 ist
2358 4039 2490 4090 rich-

1423 4109 1518 4173 tig,
1541 4108 1662 4158 dass
1687 4108 1770 4158 die
1790 4109 1976 4159 Romer
2001 4108 2097 4159 den
2124 4107 2492 4173 damaligen

1423 4175 1667 4228 Griechen
1689 4190 1754 4226 an
1775 4175 2163 4227 Geistesfrische
2186 4194 2236 4228 u.
2263 4176 2488 4227 Produc-

1422 4244 1588 4294 tivitiit
1612 4245 1885 4311 unstreitig
1910 4245 2183 4311 iiberlegen
2207 4259 2392 4297 waren.

2000 4331 2086 4398 5*
