2930 4693
884 175 983 241 DE
1014 175 1372 257 ORATORE
1400 175 1454 238 11
1499 177 1602 241 31.
1635 181 1940 239 134-136.
2402 185 2525 249 141

289 357 448 413 stros
487 348 807 420 mittimuS,
860 366 983 410 non
1024 366 1142 429 quo
1194 347 1310 410 boc
1352 346 1592 428 quidem
1634 347 1710 410 ad
1750 345 2068 411 dicendum
2096 368 2313 429 magno
2343 370 2527 433 opere

288 437 621 519 pertineat,
676 433 781 495 sed
809 441 1012 495 tamen
1042 441 1108 495 ut
1135 434 1406 505 videatis,
1461 451 1638 514 quam
1669 434 1745 495 sit
1774 451 1961 512 genus
1989 435 2104 496 hoc
2135 453 2370 507 eorum,
2424 439 2528 517 qui

289 520 406 582 sibi
435 518 652 581 eruditi
679 518 956 581 videntur
972 565 989 588 ,
1033 518 1218 580 hebes
1247 525 1423 600 atque
1462 517 1828 599 impolitum;
1882 522 2247 582 constituunt
2275 523 2436 582 enim
2464 524 2528 583 in

289 604 620 687 partiendis
649 606 986 666 orationum
1015 604 1208 666 modis
1235 604 1355 666 duo
1376 621 1598 683 genera
1622 622 1963 666 causarum:
1995 623 2180 668 unum
2207 606 2526 686 appellant,

289 693 355 754 in
385 708 503 772 quo
532 689 662 751 sine
690 691 967 769 personis
995 696 1170 770 atque
1200 688 1568 770 temporibus
1609 688 1685 750 de
1711 691 1988 753 universo
2030 709 2252 770 genere
2281 709 2528 772 quaera-

289 784 418 846 tur:
450 773 733 845 alterum,
766 774 926 855 quod
953 776 1231 856 personis
1260 775 1440 836 certis
1470 782 1530 836 et
1559 774 1927 856 temporibus
1957 776 2301 846 definiatur;
2333 778 2526 855 ignari

291 879 502 923 omnes
553 860 995 922 controversias
1038 858 1111 921 ad
1160 861 1421 921 universi
1460 861 1699 939 generis
1730 862 1844 921 vim
1887 867 1948 922 et
1986 867 2261 923 naturam
2290 861 2524 924 referri.

290 947 442 1009 Nam
471 946 537 1007 in
568 963 638 1006 ea
667 946 796 1025 ipsa
827 963 1034 1015 causa,
1088 944 1162 1006 de
1192 964 1308 1025 qua
1337 952 1475 1006 ante
1506 944 1656 1016 dixi,
1702 944 1850 1008 nihil
1876 947 2139 1025 pertinet
2168 945 2243 1007 ad
2272 949 2526 1009 oratoris
2560 952 2661 1005 134

290 1032 458 1092 locos
489 1030 710 1110 Opimii
735 1048 1025 1110 persona,
1079 1029 1229 1091 nihil
1256 1030 1438 1091 Decii.
1528 1030 1612 1092 De
1650 1032 1781 1111 ipso
1811 1032 1970 1092 enim
1998 1033 2275 1092 universo
2304 1049 2526 1111 genere

288 1117 519 1178 infinita
543 1116 810 1195 quaestio
842 1123 960 1185 est,
1015 1133 1157 1177 num
1186 1133 1381 1195 poena
1409 1114 1678 1177 videatur
1707 1134 1837 1176 esse
1867 1115 2230 1178 adficiendus
2248 1164 2263 1186 ,
2309 1119 2411 1198 qui
2441 1119 2525 1179 ci-

288 1220 424 1263 vem
465 1219 537 1261 ex
577 1207 818 1261 senatus
862 1199 1130 1261 consulto
1169 1203 1397 1280 patriae
1437 1202 1877 1263 conservandae
1917 1219 2092 1264 causa
2129 1204 2523 1272 interemerit,

289 1304 427 1347 cum
455 1285 516 1346 id
544 1302 656 1365 per
684 1284 848 1364 leges
877 1304 997 1347 non
1027 1284 1256 1346 liceret.
1315 1284 1490 1348 Nulla
1520 1285 1778 1367 denique
1808 1293 1898 1347 est
1944 1304 2148 1357 causa,
2191 1290 2256 1349 in
2296 1306 2410 1368 qua
2439 1288 2520 1357 id,

290 1370 449 1451 quod
476 1372 541 1431 in
571 1369 855 1431 iudicium
883 1371 1074 1441 venit,
1114 1389 1358 1432 reorum
1388 1373 1662 1451 personis
1690 1390 1760 1432 ac
1789 1389 1910 1433 non
1940 1389 2228 1450 generum
2255 1376 2523 1453 ipsorum

285 1457 564 1517 universa
593 1453 958 1516 dubitatione
997 1463 1336 1536 quaeratur.
1416 1456 1573 1528 Quin
1617 1457 1793 1518 etiam
1835 1458 1899 1516 in
1940 1458 2026 1517 eis
2080 1459 2253 1537 ipsis,
2302 1457 2408 1520 ubi
2448 1457 2522 1519 de
2557 1465 2658 1517 135

288 1541 450 1602 facto
480 1538 827 1619 ambigitur,
864 1542 1177 1621 ceperitne
1206 1542 1491 1621 pecunias
1521 1549 1728 1602 contra
1757 1540 1920 1620 leges
1948 1540 2014 1601 P.
2047 1541 2291 1614 Decius,
2346 1560 2522 1621 argu-

285 1633 490 1689 menta
519 1630 579 1687 et
608 1625 927 1687 criminum
958 1633 1019 1686 et
1048 1626 1411 1687 defensionis
1440 1634 1796 1687 revocentur
1837 1633 2075 1706 oportet
2118 1627 2193 1688 ad
2232 1645 2421 1706 genus
2464 1633 2523 1688 et

284 1712 363 1774 ad
392 1717 665 1773 naturam
695 1712 1060 1772 universam:
1094 1711 1252 1791 quod
1283 1718 1692 1791 sumptuosuS‚
1739 1712 1813 1771 de
1841 1710 2105 1780 luxurie;
2158 1712 2319 1792 quod
2345 1711 2524 1773 alieni

287 1803 607 1876 appetenS,
651 1794 726 1855 de
755 1795 1027 1866 avaritia;
1081 1796 1238 1877 quod
1269 1796 1612 1866 seditiosus,
1661 1797 1735 1858 de
1763 1795 2119 1858 turbulentis
2150 1803 2210 1858 et
2237 1795 2409 1859 malis
2439 1798 2523 1857 ci-

286 1881 485 1951 vibus;
518 1880 678 1960 quod
707 1899 741 1941 a
769 1879 971 1943 multis
1000 1883 1287 1960 arguitur,
1320 1881 1393 1941 de
1423 1899 1646 1960 genere
1672 1882 1949 1953 testium3
1982 1889 2337 1962 contraque,
2369 1900 2523 1962 quae

283 1984 399 2048 pro
449 1982 557 2027 reo
607 1965 909 2037 dicentur,
963 1967 1163 2027 omnia
1203 1968 1541 2029 necessario
1583 1985 1616 2027 a
1657 1974 1927 2048 tempore
1970 1974 2145 2047 atque
2173 1967 2416 2030 homine
2446 1965 2519 2027 ad
2589 2025 2607 2037 ,

286 2068 635 2113 communes
658 2068 861 2112 rerum
885 2058 945 2112 et
965 2068 1253 2129 generum
1275 2070 1537 2113 summas
1559 2051 1955 2115 revolventur.
1998 2053 2189 2133 Atque
2217 2054 2367 2114 haec
2396 2052 2520 2112 for·
2555 2057 2656 2111 136

284 2138 441 2198 sitan
469 2136 699 2197 homini
727 2154 848 2198 non
878 2138 1076 2198 omnia
1092 2185 1106 2207 ,
1138 2155 1290 2218 quae
1318 2144 1458 2199 sunt
1484 2139 1549 2199 in
1578 2146 1790 2199 natura
1818 2156 2023 2199 rerum
2039 2185 2055 2208 ,
2089 2136 2364 2199 celeriter
2393 2138 2521 2199 ani·-

351 2308 526 2375 iqnari
547 2315 639 2360 etc.
660 2306 746 2359 Or.
766 2305 848 2370 14,
866 2314 918 2357 45
942 2313 1126 2372 orator,
1147 2322 1251 2359 non
1267 2307 1354 2358 ille

283 2376 537 2442 vulgaris,
572 2375 669 2426 sed
687 2374 774 2425 hic
797 2375 1053 2427 excellens
1076 2391 1108 2425 a
1130 2377 1352 2443 propriis

282 2445 519 2512 personis
543 2450 595 2494 et
615 2443 935 2509 temporibus
959 2459 1162 2511 semper
1184 2446 1232 2494 si
1253 2460 1349 2512 po-

283 2520 387 2564 test
402 2520 582 2563 avocat
598 2512 996 2562 controversiam
1006 2531 1019 2573 ;
1045 2512 1198 2563 latius
1218 2515 1352 2562 enim

285 2582 352 2633 de
384 2595 573 2647 genere
608 2594 762 2642 quam
797 2580 862 2630 de
893 2590 1038 2646 parte
1066 2580 1353 2645 disceptare

282 2650 416 2709 licet,
436 2656 493 2699 ut
510 2649 649 2712 quod
664 2647 719 2698 in
727 2648 972 2699 universo
989 2649 1056 2698 sit
1063 2650 1350 2714 probatum,

281 2718 338 2768 id
361 2718 413 2767 in
436 2724 582 2783 parte
605 2717 674 2766 sit
694 2717 902 2783 probari
926 2731 1157 2767 neeesse.

354 2794 445 2837 134.
481 2787 556 2836 ad
575 2786 804 2836 oratorie
834 2787 999 2844 locoe,
1039 2800 1104 2834 zu
1128 2785 1227 2835 den
1251 2785 1351 2835 Ka·

282 2854 545 2919 tegorieen
582 2853 708 2903 oder
742 2851 1232 2918 Gesichtspunkten‚
1268 2853 1354 2903 die

284 2922 378 2972 der
410 2921 614 2972 Redner
643 2921 725 2971 ius
758 2920 906 2986 Auge
942 2937 1006 2972 zu
1037 2920 1213 2972 fassen
1245 2919 1352 2972 hat.

285 2992 486 3055 infinita
508 2990 739 3056 quaestio
764 2996 845 3039 est
882 2988 965 3040 Or.
988 2996 1123 3055 part.
1148 2986 1242 3049 30,
1275 2997 1354 3039 106

312 3059 367 3108 in
399 3057 808 3108 unmittelbarem
842 3055 1128 3107 Ansehluss
1166 3072 1233 3107 an
1268 3056 1352 3107 die

351 3124 454 3176 132
491 3123 827 3186 angeffihrten
868 3123 1074 3190 Worte)
1120 3127 1195 3175 Ita
1242 3124 1348 3175 dis-

284 3194 601 3260 ceptationes
635 3208 752 3255 eae,
788 3207 921 3254 quae
951 3194 1003 3242 in
1039 3192 1119 3242 his
1144 3200 1348 3243 contro-

284 3261 467 3312 versiis
491 3262 738 3323 oriuntur,
765 3275 896 3324 quae
919 3270 1039 3311 sunt
1062 3261 1213 3311 certis
1237 3276 1353 3326 per-

284 3330 430 3381 sonis
479 3337 529 3379 et
571 3329 883 3394 temporibus
930 3338 1159 3390 notatae,
1221 3327 1352 3378 fiunt

283 3414 464 3448 rursus
496 3399 747 3462 infinitoe,
785 3396 1126 3460 detractisque
1147 3403 1350 3462 tempo-

283 3469 426 3518 ribus
451 3473 502 3516 et
524 3466 759 3531 personis
782 3480 961 3514 rursus
993 3464 1060 3515 ad
1094 3466 1353 3515 consulta-

286 3536 441 3586 tionis
469 3535 688 3597 formam
726 3535 1074 3598 rationemque
1106 3547 1353 3583 revocan-

286 3611 390 3654 tur.
406 3628 478 3638 —
498 3602 733 3668 denique,
759 3602 906 3664 kurz,
934 3599 1234 3665 uberhaupt,
1259 3599 1352 3649 mit

287 3672 455 3721 einem
482 3669 645 3724 Wort.
672 3697 736 3706 —-
760 3671 815 3720 in
838 3685 939 3735 qua
962 3676 1056 3718 etc.
1071 3707 1085 3730 ‚
1119 3668 1204 3717 bei
1225 3667 1351 3718 wel-

286 3737 407 3788 cher
429 3738 521 3788 der
538 3737 810 3803 eigentlich
828 3737 1058 3800 streitige
1083 3732 1200 3800 (der
1214 3734 1352 3785 rich-

285 3805 527 3857 terlichen
537 3805 924 3870 Entscheidung
940 3801 1353 3869 unterliegende)

285 3875 456 3925 Punkt
478 3874 611 3925 nach
636 3874 733 3923 den
762 3873 1024 3923 einzelnen
1043 3872 1352 3923 individuen

286 3943 395 3994 und
427 3943 565 3993 nicht
607 3941 855 3992 vielmehr
893 3940 1180 4007 iiber-haupt
1208 3939 1351 3997 {nach

288 4011 378 4061 der
388 4010 741 4075 Gesamtfrage
759 4009 853 4059 des
863 4008 1199 4074 allgemeinen
1214 4007 1352 4059 Falls

287 4095 355 4129 zu
389 4078 723 4130 entscbeiden
756 4077 857 4137 sei,
902 4077 953 4127 d.
980 4076 1033 4128 h.
1070 4078 1156 4127 die
1189 4078 1351 4142 Frage

284 4148 356 4198 ist
378 4146 542 4210 nicht,
579 4147 645 4197 ob
675 4146 744 4195 im
768 4144 1096 4195 Besonderen
1118 4143 1353 4212 Opimius

287 4216 414 4267 oder
444 4215 662 4277 Decius,
709 4213 933 4265 sondern
974 4215 1038 4264 ob
1072 4213 1144 4263 im
1176 4213 1350 4279 Alige-

1453 2308 1659 2359 meinen
1686 2307 1897 2372 jeder,
1935 2306 2025 2358 der
2062 2307 2156 2358 das
2180 2305 2289 2357 und
2311 2306 2403 2358 das
2426 2322 2518 2374 ge-

1454 2377 1606 2439 than,
1632 2375 1848 2427 bestraft
1870 2376 2078 2427 werden
2103 2378 2291 2427 iniisse.

1521 2460 1760 2511 genev-mn
1780 2446 2033 2509 ipsorum,
2069 2445 2161 2494 der
2182 2443 2521 2508 allgemeinen

1453 2511 1919 2578 Gattungsbegriffe
1942 2512 2119 2578 selbst,
2140 2519 2290 2561 uuter
2313 2511 2398 2562 die
2417 2520 2523 2563 erst

1453 2581 1547 2631 der
1567 2579 1837 2631 Einzell’all
1862 2596 1928 2629 zu
1952 2580 2310 2630 subsumieren
2333 2580 2418 2633 ist.

1522 2649 1835 2700 dubitatione
1858 2648 1909 2697 in
1936 2648 2026 2697 der
2041 2647 2346 2711 Bedeutung
2368 2647 2520 2697 ‘noch

1458 2715 1917 2778 unentschiedene,
1986 2731 2052 2765 zu
2108 2714 2521 2766 untersuchende

1454 2785 1620 2850 Frage
1654 2784 1778 2835 oder
1810 2783 2081 2848 allgemein
2108 2781 2517 2847 Untersuchung’

1451 2854 1523 2904 ist
1540 2852 1631 2903 der
1640 2851 1882 2913 anderen,
1899 2852 2202 2918 mindergut
2217 2850 2518 2918 beglaubig-

1453 2930 1540 2971 ten
1568 2920 1749 2971 Lesart
1778 2920 2126 2985 disputatione
2156 2919 2517 2970 vorznziehen.

1453 2989 1573 3054 Vgl.
1600 2985 1632 3054 S
1659 2987 1774 3038 142.
1805 2987 1920 3043 145.

1521 3064 1615 3107 135.
1651 3058 1939 3121 ceperitne,
1976 3055 2057 3108 Or.
2084 3063 2215 3122 part.
2241 3055 2326 3118 30,
2351 3064 2430 3107 104
2465 3065 2522 3105 ut

1452 3126 1507 3175 in
1530 3123 1823 3175 coniectura
1845 3123 2003 3189 (Einl.
2030 3125 2075 3174 11
2101 3124 2133 3187 §
2156 3123 2207 3187 3,
2234 3122 2337 3189 11):
2366 3138 2521 3188 cepe-

1451 3194 1585 3243 ritne
1609 3193 1854 3259 pecunias
1878 3191 2085 3242 Decius.

1521 3275 1799 3312 communes
1820 3274 2051 3317 annana-5,
2077 3258 2161 3308 die
2179 3259 2271 3308 das
2289 3258 2519 3310 einzelne

1428 3327 1817 3379 'umfassenden
1852 3326 2289 3393 Gesamtbegriffe.
2351 3328 2516 3379 revol-

1450 3404 1659 3456 ventur,
1686 3394 1718 3457 §
1746 3392 1862 3445 130.

1522 3473 1615 3515 136.
1652 3470 1742 3514 aut
1764 3463 2129 3526 defendam,
2153 3477 2256 3513 non
2276 3464 2515 3513 locor-mn.

1452 3532 1555 3582 Der
1583 3528 2307 3595 Gedankenzusammenhang
2336 3530 2405 3579 ist
2437 3529 2516 3579 of-

1453 3600 1633 3650 fenbar
1655 3599 1773 3648 der:
1808 3599 2001 3660 einem,
2038 3597 2132 3647 der
2162 3598 2216 3647 in
2241 3597 2333 3648 der
2353 3597 2520 3662 Logik

1454 3666 1594 3718 nicht
1611 3667 1767 3733 geiibt
1784 3667 1853 3716 ist
1874 3666 1923 3716 d.
1936 3665 1988 3715 h.
2009 3665 2128 3715 dem
2147 3665 2231 3716 die
2240 3665 2522 3730 Fertigkeit

1454 3735 1659 3801 abgehg
1684 3735 1783 3784 alle
1807 3734 1890 3784 die
1911 3742 2183 3784 concreten
2199 3732 2518 3793 Einzelfc‘ille,

1454 3805 1539 3854 die
1561 3805 1630 3853 im
1653 3802 1829 3852 Leben
1851 3803 2183 3852 vorkommen
2197 3839 2213 3865 ,
2243 3799 2395 3852 resch
2417 3816 2519 3850 un-

1452 3880 1531 3922 ter
1576 3872 1659 3922 die
1704 3870 2051 3921 betreffenden
2098 3868 2521 3934 Gesamtbegriffe

1454 3937 2012 3999 zusammenzufassen‚
2038 3953 2160 4003 mag
2176 3937 2259 3987 die
2269 3935 2392 3986 Zahl
2411 3936 2521 3987 die-

1453 4022 1539 4059 ser
1547 4005 1966 4072 Gesamtbegriffe
1974 4006 2073 4056 wol
2095 4005 2215 4055 sehr
2230 4019 2381 4071 gross
2397 4020 2518 4055 vor—

1452 4076 1693 4126 kommen
1716 4071 1858 4138 (weil
1882 4090 1938 4124 er
1959 4072 2183 4124 namlich
2204 4072 2519 4123 nochVieles

1452 4143 1530 4193 als
1541 4140 1772 4192 Gesamt-
1791 4143 1915 4193 oder
1922 4140 2389 4211 Gattungsbegriffe
2398 4137 2515 4206 (ge-

1455 4208 1603 4275 nera)
1630 4211 1827 4276 nimmt‚
1849 4225 1956 4263 was
1974 4209 2221 4262 vielmehr
2237 4210 2425 4263 wieder
2440 4208 2520 4259 als
