2930 4693
880 202 977 264 DE
1020 201 1374 265 ORATORE
1412 202 1493 265 111
1534 201 1593 264 3.
1638 208 1872 268 10-,-12.
2364 198 2491 266 229

270 388 390 434 non
418 372 720 452 vagabitur
750 375 939 435 oratio
962 392 1093 435 mea
1116 373 1349 452 longius
1371 379 1548 453 atque
1571 375 1657 435 eis
1677 371 1803 435 l'ere
1823 375 1968 454 ipsis
1992 374 2304 435 definietur
2325 374 2488 440 viris,

268 460 369 538 qui
406 457 520 518 hoc
561 476 866 530 sermone,
920 476 1096 538 quem
1138 459 1367 519 referre
1405 460 1801 539 suscepimus,
1855 460 2252 519 continentur.
2341 456 2487 528 Quis

268 544 423 603 enim
452 561 574 604 non
599 544 731 604 iure
760 541 991 604 beatam
1021 543 1087 604 L.
1120 542 1315 604 Crassi
1342 550 1603 604 mortem
1642 543 1832 615 illam,
1892 562 2041 624 quae
2083 550 2175 604 est
2213 561 2246 604 a
2286 541 2490 603 multis

266 645 440 707 saepe
471 625 710 698 defleta,
759 628 1002 697 dixerit,
1049 646 1183 688 cum
1214 627 1427 688 horum
1456 630 1723 708 ipsorum
1765 630 1874 700 sit,
1929 630 2031 710 qui
2060 636 2185 690 tum
2217 646 2353 687 cum
2383 626 2487 687 illo

265 719 628 791 postremum
671 712 798 774 fere
840 712 1113 774 collocuti
1165 722 1331 782 sunt,
1393 720 1668 774 eventum
1718 713 2102 774 reeordatus?
2191 713 2490 773 Tenemus

265 797 424 856 enim
455 798 741 857 memoria
773 797 841 869 Q.
874 796 1174 866 Catulum,
1226 798 1418 858 virum
1459 798 1623 858 omni
1663 797 1838 859 laude
1867 803 2297 878 praestantem,
2352 815 2489 857 cum

264 880 374 940 sibi
405 899 526 941 non
555 881 911 943 incolumem
944 881 1271 954 fortunam,
1319 882 1421 943 sed
1453 882 1694 944 exilium
1725 890 1787 943 et
1813 882 2013 961 fugam
2044 881 2487 961 deprecaretur,

265 982 393 1026 esse
425 973 724 1036 coactum,
768 973 834 1027 ut
862 967 974 1028 vita
1006 984 1069 1028 se
1097 969 1225 1046 ipse
1253 968 1533 1047 privaret.
1605 968 1727 1029 Iam
1758 968 1834 1029 M.
1865 969 2106 1028 Antonii
2132 968 2196 1026 in
2226 967 2311 1026 eis
2340 967 2485 1044 ipsis

263 1050 523 1119 RostriS,
563 1051 625 1111 in
668 1051 881 1131 quibus
921 1049 1019 1112 ille
1061 1070 1187 1112 rem
1217 1051 1513 1132 publicam
1546 1053 2015 1114 constantissime
2046 1051 2252 1112 consul
2281 1049 2486 1112 defen-

263 1133 434 1195 derat
463 1154 729 1215 quaeque
760 1154 972 1196 censor
998 1137 1394 1217 imperatoriis
1424 1137 1718 1199 manubiis
1745 1145 2002 1207 ornarat,
2035 1138 2291 1217 positum
2315 1142 2492 1216 caput

261 1217 407 1279 illud
461 1219 598 1289 fuit,
654 1239 687 1280 a
727 1239 844 1301 quo
897 1228 1068 1282 eraut
1108 1220 1429 1282 multorum
1473 1223 1682 1284 civium
1727 1223 1918 1302 capita
1947 1229 2193 1282 servata.
2281 1219 2487 1300 Neque

263 1320 402 1365 vero
444 1302 621 1383 longe
652 1304 725 1365 ab
758 1323 827 1365 eo
860 1305 922 1367 C.
952 1305 1085 1367 Iulii
1128 1313 1306 1386 caput
1344 1306 1593 1385 hospitis
1634 1308 1868 1369 Etrusci
1908 1304 2134 1368 scelere
2184 1304 2487 1386 proditum

263 1407 399 1450 cum
430 1388 497 1450 L.
536 1388 666 1450 Iulii
696 1389 897 1451 fratris
928 1392 1118 1471 capite
1158 1392 1366 1461 iacuit,
1419 1398 1486 1451 ut
1524 1391 1654 1464 ille,
1708 1394 1810 1472 qui
1851 1392 1999 1452 haec
2040 1409 2162 1452 non
2200 1390 2372 1460 vidit,
2428 1397 2489 1451 et

262 1474 476 1534 vixisse
518 1492 652 1535 cum
684 1492 751 1536 re
779 1473 1014 1556 publica
1043 1477 1267 1555 pariter
1298 1483 1359 1536 et
1387 1494 1523 1536 cum
1553 1476 1651 1538 illa
1682 1475 1856 1538 simul
1888 1477 2212 1538 exstinctus
2242 1493 2369 1536 esse
2398 1476 2485 1534 vi-

262 1557 493 1619 deatur.
582 1558 786 1639 Neque
832 1561 991 1621 enim
1020 1561 1421 1641 propinquum
1447 1579 1649 1632 suum,
1680 1561 1921 1622 maximi
1952 1561 2134 1621 animi
2164 1562 2382 1629 virum,
2414 1559 2482 1620 P.

262 1643 572 1715 Crassum,
626 1651 834 1724 suapte
876 1646 1254 1706 interfectum
1286 1663 1465 1705 manu
1496 1664 1688 1725 neque
1719 1643 1981 1724 collegae
2024 1646 2143 1715 sui,
2195 1643 2491 1723 pontificis

264 1728 532 1797 maximi,
586 1730 872 1807 sanguine
923 1728 1304 1791 simulacrum
1344 1729 1555 1790 Vestae
1606 1748 1942 1809 respersum
1996 1747 2125 1790 esse
2164 1729 2339 1799 vidit;
2395 1729 2490 1788 cui

264 1814 552 1884 maerori,
584 1831 699 1893 qua
728 1819 926 1874 mente
953 1813 1054 1874 ille
1083 1815 1145 1874 in
1174 1815 1427 1893 patriam
1457 1814 1600 1885 fuit,
1643 1816 1821 1876 etiam
1851 1815 1913 1877 C.
1947 1814 2258 1883 Carbonis,
2289 1814 2490 1874 inimi-

264 1897 489 1957 cissimi
530 1897 816 1968 hominiS,
865 1898 1074 1959 eodem
1113 1897 1215 1959 illo
1259 1898 1353 1958 die
1393 1918 1556 1960 mors
1596 1899 1821 1961 nefaria
1862 1899 2085 1961 fuisset.
2173 1899 2305 1960 Non
2349 1897 2492 1958 vidit

263 1999 474 2040 eorum
503 1983 786 2061 ipsorum,
818 1983 920 2062 qui
947 1990 1071 2044 tum
1103 1981 1510 2045 adulescentes
1536 1985 1747 2047 Crasso
1771 2003 1834 2045 se
1859 1984 2141 2054 dicarant,
2172 1982 2491 2046 horribiles

266 2066 634 2146 miserosque
664 2083 851 2127 casus,
939 2067 1026 2128 Ex
1067 2066 1280 2147 quibus
1322 2068 1383 2130 C.
1418 2069 1613 2139 Cotta,
1665 2089 1842 2150 quem
1880 2068 1979 2130 ille
2009 2069 2321 2130 florentem
2349 2067 2491 2128 reli-

264 2157 506 2229 querat,
558 2152 763 2231 paucis
807 2149 1016 2213 diebus
1064 2160 1198 2233 post
1236 2160 1492 2214 mortem
1525 2155 1721 2217 Crassi
1764 2152 2043 2235 depulsus
2072 2172 2181 2233 per
2208 2152 2490 2214 invidiam

265 2234 571 2296 tribunatu
602 2253 721 2295 non
750 2235 950 2298 multis
979 2235 1053 2298 ab
1085 2256 1155 2299 eo
1185 2244 1453 2318 tempore
1482 2239 1787 2300 mensibus
1817 2241 2038 2300 eiectus
2061 2246 2147 2299 est
2171 2257 2203 2298 e
2224 2239 2489 2305 civitate;

266 2319 561 2401 Sulpicius
589 2328 815 2392 autem,
849 2323 951 2403 qui
978 2323 1039 2383 in
1071 2322 1277 2385 eadem
1300 2322 1554 2385 invidiae
1583 2323 1820 2386 flamma
1852 2323 2083 2394 fuisset,
2138 2323 2489 2404 quibuscum

264 2408 529 2484 privatus
559 2408 1039 2469 coniunctissime
1067 2410 1321 2486 vixerat,
1372 2409 1485 2469 hos
1523 2409 1588 2469 in
1615 2409 1921 2470 tribunatu
1949 2407 2205 2488 spoliare
2234 2408 2490 2469 instituit

266 2492 430 2551 omni
460 2490 773 2570 dignitate;
820 2493 916 2553 cui
945 2492 1182 2571 quidem
1213 2492 1286 2552 ad
1317 2511 1606 2554 summam
1639 2492 1888 2573 gloriam
1920 2491 2289 2572 eloquentiae
2320 2492 2487 2553 efflo-

265 2577 527 2636 rescenti
565 2575 725 2636 ferro
767 2583 969 2656 erepta
1010 2577 1125 2636 vita
1157 2583 1248 2637 est
1276 2584 1336 2637 et
1363 2595 1556 2657 poena
1586 2579 1934 2640 temeritatis
1964 2595 2085 2638 non
2116 2579 2242 2638 sine
2272 2594 2489 2655 magno

264 2661 354 2721 rei
382 2658 657 2741 publicae
686 2659 840 2721 malo
872 2662 1202 2721 constituta.
1273 2661 1399 2739 Ego
1427 2679 1570 2722 vero
1599 2670 1686 2734 te,
1721 2662 1956 2732 Crasse,
2002 2680 2138 2723 cum
2166 2663 2317 2722 vitae
2346 2662 2494 2722 flore

263 2751 392 2806 tum
423 2745 634 2806 mortis
674 2746 1114 2825 opportunitate
1156 2745 1353 2806 divino
1403 2746 1650 2808 consilio
1704 2753 1764 2807 et
1801 2754 1995 2809 ortum
2040 2755 2099 2808 et
2139 2749 2493 2807 exstinctum

264 2847 395 2891 esse
427 2829 707 2891 arbitror.
767 2828 914 2891 Nam
944 2827 1054 2889 tibi
1082 2837 1184 2891 aut
1210 2848 1321 2910 pro
1348 2831 1566 2892 virtute
1595 2833 1779 2893 animi
1808 2833 2251 2911 constantiaque
2279 2838 2380 2892 tua
2411 2830 2496 2890 ci-

263 2914 394 2976 vilis
424 2915 574 2976 ferri
602 2912 906 2977 subeunda
938 2914 1049 2974 fuit
1078 2913 1396 2977 crudelitas
1427 2923 1558 2987 aut,
1590 2918 1642 2978 si
1670 2934 1786 2998 qua
1815 2924 1874 2977 te
1905 2917 2141 2978 fortuna
2172 2917 2246 2979 ab
2277 2916 2494 2978 atroci-

266 3116 321 3167 p.
344 3098 469 3166 25):
516 3099 600 3150 ich
632 3101 723 3150 bin
757 3113 859 3150 nun
901 3100 1088 3150 einmal
1122 3099 1218 3150 auf
1248 3099 1330 3150 die
1431 3100 1564 3150 liche
1588 3102 2063 3154 Riicksicht·hinter
2098 3103 2213 3153 dem
2249 3100 2495 3153 Schmerz

264 3168 594 3233 Erwfihnung
620 3167 769 3232 jener
795 3169 1087 3233 Ereignisse
1114 3169 1330 3233 gekom-
1431 3170 1560 3219 iiber
1582 3172 1665 3222 die
1682 3171 1802 3221 tiel’e
1819 3172 2191 3236 Erniedriguug
2209 3169 2300 3221 des
2311 3172 2494 3220 Vater-

265 3251 413 3298 men;
448 3236 759 3286 indessen
792 3239 960 3286 werde
992 3236 1073 3285 ich
1099 3238 1175 3286 sie
1198 3235 1330 3286 doch
1433 3237 1611 3289 landes
1638 3240 2057 3304 zuriickgetreten
2095 3240 2232 3298 sein,
2266 3247 2324 3287 ut
2355 3252 2491 3287 mae-

266 3303 379 3353 hier
401 3319 500 3353 nur
520 3303 755 3353 insoweit
776 3304 1036 3369 verfolgeu
1052 3341 1066 3366 ,
1100 3304 1175 3354 als
1201 3305 1331 3353 eben
1431 3307 1549 3357 rori
1570 3307 1699 3370 (non
1723 3304 1939 3373 gaudio)
1963 3305 2301 3355 inimicissimi
2324 3303 2491 3353 bomi-

267 3372 375 3421 die
420 3370 744 3420 Personen
800 3371 912 3422 des
958 3370 1330 3437 Gesprfichs
1433 3375 1515 3423 nis
1539 3389 1675 3424 mors
1701 3375 1748 3423 ei
1772 3373 1978 3437 nefaria
1999 3372 2200 3423 fuisset.
2427 3366 2434 3372 ’

270 3436 672 3490 davouberfihrt
694 3440 923 3489 wurden.
1500 3442 1826 3494 inimicissimi
1866 3467 1936 3477 —
1981 3439 2139 3490 sehon
2173 3453 2277 3488 von
2310 3438 2498 3488 dessen

343 3523 594 3580 Catulum,
621 3521 751 3572 Εῑηι,
778 3523 800 3571 1
822 3524 856 3585 ς
881 3522 960 3583 15,
986 3531 1064 3575 182
1086 3539 1138 3573 u.
1166 3524 1273 3574 ind.
1434 3510 1596 3559 Vater
1619 3508 1727 3560 her.
1776 3509 1908 3559 Einl.
1932 3510 1955 3558 Ι
1979 3509 2011 3570 s
2039 3505 2117 3567 10,
2145 3516 2195 3556 77
2220 3507 2271 3556 ff.
2322 3507 2498 3558 eodem

339 3615 408 3658 10.
444 3607 674 3666 Antonii,
699 3607 1028 3673 Einh1511,
1055 3616 1127 3659 ¹31
1151 3609 1336 3659 mind·
1434 3579 1523 3629 illo
1556 3580 1640 3629 die
1673 3606 1738 3615 —
1773 3578 1864 3628 der
1899 3574 2214 3640 beriichtigte
2247 3574 2494 3640 Mor‹ltag‚

269 3690 478 3793 ἴῗζῗ,
514 3674 643 3725 nint.
669 3675 692 3725 1
722 3676 756 3737 s
792 3674 883 3736 11,
918 3684 1012 3727 124.
1070 3677 1332 3736 manubiis,
1437 3645 1969 3778 diffefssassffffis
1995 3641 2298 3774 {affig)⁵⁵'-
2338 3708 2499 3760 sehon

520 3829 550 3843 ..
654 3828 665 3840 .
1227 3830 1240 3843 ,
1437 3782 1643 3841 darum,
1675 3781 1790 3832 weil
1823 3795 1876 3830 er
1907 3780 1959 3829 in
1984 3779 2078 3830 der
2100 3780 2242 3829 curia
2262 3777 2500 3837 Hostilia,

343 3827 400 3878 0·
423 3827 575 3890 Iulu’
608 3827 791 3879 E¹¹²¹·1
824 3830 858 3893 s
892 3828 982 3890 ω’
1018 3838 1093 3881 ¹⁸⁹
1139 3846 1192 3880 ¹¹·
1225 3830 1333 3879 ¹¹¹³·
1436 3850 1547 3900 also
1594 3864 1660 3899 an
1705 3847 1978 3916 geweihter
2023 3846 2184 3898 Stfitte
2243 3844 2499 3896 ermol-det

272 3894 339 3943 L.
363 3895 516 3960 Iulii,
538 3910 584 3946 s.
609 3896 718 3947 ind.
773 3898 838 3949 P.
866 3898 1127 3960 crasa-mn,
1152 3914 1195 3949 s.
1223 3899 1332 3949 ind.
1435 3917 1592 3967 ward„

273 3961 433 4014 Lissin·
1508 3994 1573 4035 11.
1608 3999 1666 4035 se
1690 3986 1956 4047 dicarant,
1980 3983 2114 4036 Einl.
2139 3984 2161 4032 1
2185 3983 2216 4043 ς
2243 3980 2307 4032 12
2330 3998 2383 4031 u.
2413 3978 2494 4035 13.

341 4049 581 4112 colloque,
605 4063 651 4098 s.
674 4050 780 4101 ind.
806 4051 973 4103 Mucii.
1019 4055 1247 4105 maerori
1270 4080 1336 4090 —
1438 4054 1697 4104 tn‘bunatu
1720 4061 1833 4113 etc..
1858 4052 1991 4103 Einl·
2018 4052 2041 4102 Ι
2064 4051 2097 4113 S
2122 4048 2202 4113 13,
2232 4058 2321 4100 ¹⁵⁶·

275 4112 670 4167 nacbdn‘icklich
691 4120 1078 4184 vorangestellt:
1123 4137 1181 4172 so
1218 4121 1337 4172 sehr
1509 4120 1778 4183 Sulpicius,
1802 4120 1935 4173 Einl.
1956 4122 1978 4170 1
1996 4120 2028 4180 S
2047 4119 2111 4170 12
2129 4135 2179 4168 u.
2200 4118 2309 4168 ind.
2333 4119 2500 4184 qui—-

275 4182 447 4233 wfirde
478 4184 562 4237 bei
591 4182 700 4235 ihm
722 4185 824 4237 alle
846 4187 952 4239 und
969 4189 1093 4253 jede
1114 4193 1334 4256 person·
1433 4190 1645 4254 fuisset,
1672 4189 1695 4238 1
1720 4185 1801 4248 18,
1826 4196 1894 4240 82.
1942 4186 2151 4239 Schultz
2172 4187 2206 4249 S
2230 4184 2348 4240 374.

2538 972 2608 1025 lo

2537 1904 2598 1956 11

2538 2667 2606 2717 12
