<?xml version="1.0" encoding="UTF-8"?>
<!DOCTYPE html PUBLIC "-//W3C//DTD XHTML 1.0 Transitional//EN"
    "http://www.w3.org/TR/xhtml1/DTD/xhtml1-transitional.dtd">
<html xmlns="http://www.w3.org/1999/xhtml" xml:lang="en" lang="en">
 <head>
  <title>
</title>
<meta http-equiv="Content-Type" content="text/html;charset=utf-8" />
  <meta name='ocr-system' content='tesseract 3.04.00' />
  <meta name='ocr-capabilities' content='ocr_page ocr_carea ocr_par ocr_line ocrx_word'/>
</head>
<body>
  <div class='ocr_page' id='page_1' title='image "./deoratore00pidegoog_0274.png"; bbox 0 0 2930 4693; ppageno 0'>
   <div class='ocr_carea' id='block_1_1' title="bbox 344 511 432 586">
    <p class='ocr_par' dir='ltr' id='par_1_1' title="bbox 344 511 432 586">
     <span class='ocr_line' id='line_1_1' title="bbox 344 511 432 586; baseline 0 0"><span class='ocrx_word' id='word_1_1' title='bbox 344 511 432 586; x_wconf 77' lang='lat'><strong>‘28</strong></span> 
     </span>
    </p>
   </div>
   <div class='ocr_carea' id='block_1_2' title="bbox 468 177 596 241">
    <p class='ocr_par' dir='ltr' id='par_1_2' title="bbox 468 177 596 241">
     <span class='ocr_line' id='line_1_2' title="bbox 468 177 596 241; baseline 0.016 -2"><span class='ocrx_word' id='word_1_2' title='bbox 468 177 596 241; x_wconf 83' lang='grc'><strong>206</strong></span> 
     </span>
    </p>
   </div>
   <div class='ocr_carea' id='block_1_3' title="bbox 1063 172 2120 236">
    <p class='ocr_par' dir='ltr' id='par_1_3' title="bbox 1063 172 2120 236">
     <span class='ocr_line' id='line_1_3' title="bbox 1063 172 2120 236; baseline 0 -2"><span class='ocrx_word' id='word_1_3' title='bbox 1063 172 1160 234; x_wconf 83' lang='lat' dir='ltr'><strong>DE</strong></span> <span class='ocrx_word' id='word_1_4' title='bbox 1203 172 1560 236; x_wconf 77' lang='lat' dir='ltr'><strong>ORATORE</strong></span> <span class='ocrx_word' id='word_1_5' title='bbox 1599 172 1653 235; x_wconf 87' lang='lat' dir='ltr'><strong>n</strong></span> <span class='ocrx_word' id='word_1_6' title='bbox 1697 172 1798 236; x_wconf 88' lang='lat'><strong>78.</strong></span> <span class='ocrx_word' id='word_1_7' title='bbox 1839 180 1959 233; x_wconf 78' lang='lat'><strong>316.</strong></span> <span class='ocrx_word' id='word_1_8' title='bbox 2001 179 2120 234; x_wconf 81' lang='lat'><strong>317.</strong></span> 
     </span>
    </p>
   </div>
   <div class='ocr_carea' id='block_1_4' title="bbox 470 340 2728 422">
    <p class='ocr_par' dir='ltr' id='par_1_4' title="bbox 470 340 2728 422">
     <span class='ocr_line' id='line_1_4' title="bbox 470 340 2728 422; baseline -0 -19"><span class='ocrx_word' id='word_1_9' title='bbox 470 341 619 403; x_wconf 84' lang='lat' dir='ltr'><strong>mihi</strong></span> <span class='ocrx_word' id='word_1_10' title='bbox 667 341 932 403; x_wconf 87' lang='lat' dir='ltr'><strong>occurrit</strong></span> <span class='ocrx_word' id='word_1_11' title='bbox 980 341 1095 402; x_wconf 87' lang='lat' dir='ltr'><strong>nisi</strong></span> <span class='ocrx_word' id='word_1_12' title='bbox 1143 349 1244 405; x_wconf 85' lang='lat' dir='ltr'><strong>aut</strong></span> <span class='ocrx_word' id='word_1_13' title='bbox 1293 340 1445 403; x_wconf 84' lang='lat' dir='ltr'><strong>exile</strong></span> <span class='ocrx_word' id='word_1_14' title='bbox 1497 348 1597 403; x_wconf 89' lang='lat' dir='ltr'><strong>aut</strong></span> <span class='ocrx_word' id='word_1_15' title='bbox 1649 342 2027 420; x_wconf 85' lang='lat' dir='ltr'><strong>nugatorium</strong></span> <span class='ocrx_word' id='word_1_16' title='bbox 2090 348 2192 402; x_wconf 86' lang='lat' dir='ltr'><strong>aut</strong></span> <span class='ocrx_word' id='word_1_17' title='bbox 2239 341 2481 420; x_wconf 85' lang='lat' dir='ltr'><strong>vulgare</strong></span> <span class='ocrx_word' id='word_1_18' title='bbox 2538 349 2728 422; x_wconf 85' lang='lat' dir='ltr'><strong>atque</strong></span> 
     </span>
    </p>
   </div>
   <div class='ocr_carea' id='block_1_5' title="bbox 472 443 806 487">
    <p class='ocr_par' dir='ltr' id='par_1_5' title="bbox 472 443 806 487">
     <span class='ocr_line' id='line_1_5' title="bbox 472 443 806 487; baseline -0.006 0"><span class='ocrx_word' id='word_1_19' title='bbox 472 443 806 487; x_wconf 69' lang='lat' dir='ltr'><strong>commune.</strong></span> 
     </span>
    </p>
   </div>
   <div class='ocr_carea' id='block_1_6' title="bbox 470 509 2728 843">
    <p class='ocr_par' dir='ltr' id='par_1_6' title="bbox 470 509 2728 843">
     <span class='ocr_line' id='line_1_6' title="bbox 640 509 2728 590; baseline 0 -20"><span class='ocrx_word' id='word_1_20' title='bbox 640 509 1036 590; x_wconf 87' lang='lat' dir='ltr'><strong>Principia</strong></span> <span class='ocrx_word' id='word_1_21' title='bbox 1067 518 1265 572; x_wconf 88' lang='lat' dir='ltr'><strong>autem</strong></span> <span class='ocrx_word' id='word_1_22' title='bbox 1297 510 1535 572; x_wconf 89' lang='lat' dir='ltr'><strong>dicendi</strong></span> <span class='ocrx_word' id='word_1_23' title='bbox 1565 528 1803 589; x_wconf 80' lang='lat' dir='ltr'><strong>semper</strong></span> <span class='ocrx_word' id='word_1_24' title='bbox 1833 527 1969 570; x_wconf 90' lang='lat' dir='ltr'><strong>cum</strong></span> <span class='ocrx_word' id='word_1_25' title='bbox 2011 516 2287 571; x_wconf 87' lang='lat' dir='ltr'><strong>accurata</strong></span> <span class='ocrx_word' id='word_1_26' title='bbox 2328 517 2387 570; x_wconf 90' lang='lat' dir='ltr'><strong>et</strong></span> <span class='ocrx_word' id='word_1_27' title='bbox 2437 518 2614 571; x_wconf 88' lang='lat' dir='ltr'><strong>acuta</strong></span> <span class='ocrx_word' id='word_1_28' title='bbox 2663 518 2728 570; x_wconf 82' lang='lat' dir='ltr'><strong>et</strong></span> 
     </span>
     <span class='ocr_line' id='line_1_7' title="bbox 470 594 2726 675; baseline 0 -21"><span class='ocrx_word' id='word_1_29' title='bbox 470 596 758 655; x_wconf 84' lang='lat' dir='ltr'><strong>instructa</strong></span> <span class='ocrx_word' id='word_1_30' title='bbox 789 595 1118 664; x_wconf 76' lang='lat' dir='ltr'><strong>sententiis,</strong></span> <span class='ocrx_word' id='word_1_31' title='bbox 1160 603 1295 675; x_wconf 89' lang='lat' dir='ltr'><strong>apta</strong></span> <span class='ocrx_word' id='word_1_32' title='bbox 1337 594 1551 666; x_wconf 85' lang='lat' dir='ltr'><strong>verbis,</strong></span> <span class='ocrx_word' id='word_1_33' title='bbox 1593 602 1718 654; x_wconf 90' lang='lat' dir='ltr'><strong>tum</strong></span> <span class='ocrx_word' id='word_1_34' title='bbox 1763 612 1901 654; x_wconf 85' lang='lat' dir='ltr'><strong>vero</strong></span> <span class='ocrx_word' id='word_1_35' title='bbox 1946 611 2255 654; x_wconf 87' lang='lat' dir='ltr'><strong>causarum</strong></span> <span class='ocrx_word' id='word_1_36' title='bbox 2296 595 2543 673; x_wconf 89' lang='lat' dir='ltr'><strong>propria</strong></span> <span class='ocrx_word' id='word_1_37' title='bbox 2585 611 2726 655; x_wconf 75' lang='lat' dir='ltr'><strong>esse</strong></span> 
     </span>
     <span class='ocr_line' id='line_1_8' title="bbox 471 677 2725 759; baseline -0 -20"><span class='ocrx_word' id='word_1_38' title='bbox 471 677 712 740; x_wconf 89' lang='lat' dir='ltr'><strong>debent.</strong></span> <span class='ocrx_word' id='word_1_39' title='bbox 799 678 999 740; x_wconf 87' lang='lat' dir='ltr'><strong>Prima</strong></span> <span class='ocrx_word' id='word_1_40' title='bbox 1029 685 1118 740; x_wconf 88' lang='lat' dir='ltr'><strong>est</strong></span> <span class='ocrx_word' id='word_1_41' title='bbox 1147 681 1307 740; x_wconf 90' lang='lat' dir='ltr'><strong>enim</strong></span> <span class='ocrx_word' id='word_1_42' title='bbox 1337 680 1506 759; x_wconf 81' lang='lat' dir='ltr'>quasi</span> <span class='ocrx_word' id='word_1_43' title='bbox 1548 680 1807 756; x_wconf 80' lang='lat' dir='ltr'>cognitio</span> <span class='ocrx_word' id='word_1_44' title='bbox 1850 687 1911 738; x_wconf 89' lang='lat' dir='ltr'><strong>et</strong></span> <span class='ocrx_word' id='word_1_45' title='bbox 1951 677 2387 740; x_wconf 83' lang='lat' dir='ltr'><strong>commendatio</strong></span> <span class='ocrx_word' id='word_1_46' title='bbox 2430 680 2725 739; x_wconf 84' lang='lat' dir='ltr'><strong>orationis</strong></span> 
     </span>
     <span class='ocr_line' id='line_1_9' title="bbox 471 762 2724 843; baseline 0 -21"><span class='ocrx_word' id='word_1_47' title='bbox 471 763 536 822; x_wconf 93' lang='lat' dir='ltr'><strong>in</strong></span> <span class='ocrx_word' id='word_1_48' title='bbox 564 764 878 842; x_wconf 88' lang='lat' dir='ltr'><strong>principio,</strong></span> <span class='ocrx_word' id='word_1_49' title='bbox 926 780 1078 843; x_wconf 87' lang='lat' dir='ltr'><strong>quae</strong></span> <span class='ocrx_word' id='word_1_50' title='bbox 1107 765 1388 824; x_wconf 88' lang='lat' dir='ltr'><strong>continuo</strong></span> <span class='ocrx_word' id='word_1_51' title='bbox 1419 782 1573 832; x_wconf 91' lang='lat' dir='ltr'><strong>eum,</strong></span> <span class='ocrx_word' id='word_1_52' title='bbox 1621 764 1723 842; x_wconf 88' lang='lat' dir='ltr'><strong>qui</strong></span> <span class='ocrx_word' id='word_1_53' title='bbox 1752 762 1931 833; x_wconf 86' lang='lat' dir='ltr'><strong>audit,</strong></span> <span class='ocrx_word' id='word_1_54' title='bbox 1978 762 2354 841; x_wconf 86' lang='lat' dir='ltr'><strong>permulcere</strong></span> <span class='ocrx_word' id='word_1_55' title='bbox 2395 770 2572 842; x_wconf 89' lang='lat' dir='ltr'><strong>atque</strong></span> <span class='ocrx_word' id='word_1_56' title='bbox 2614 763 2724 823; x_wconf 87' lang='lat' dir='ltr'><strong>ad-</strong></span> 
     </span>
    </p>
   </div>
   <div class='ocr_carea' id='block_1_7' title="bbox 338 844 2723 927">
    <p class='ocr_par' dir='ltr' id='par_1_7' title="bbox 338 844 2723 927">
     <span class='ocr_line' id='line_1_10' title="bbox 338 844 2723 927; baseline -0 -19"><span class='ocrx_word' id='word_1_57' title='bbox 338 852 444 909; x_wconf 73' lang='lat'><strong>816</strong></span> <span class='ocrx_word' id='word_1_58' title='bbox 471 845 655 907; x_wconf 91' lang='lat' dir='ltr'><strong>licere</strong></span> <span class='ocrx_word' id='word_1_59' title='bbox 685 846 880 909; x_wconf 86' lang='lat' dir='ltr'><strong>debet.</strong></span> <span class='ocrx_word' id='word_1_60' title='bbox 954 847 1023 908; x_wconf 90' lang='lat' dir='ltr'><strong>In</strong></span> <span class='ocrx_word' id='word_1_61' title='bbox 1052 866 1169 927; x_wconf 88' lang='lat' dir='ltr'><strong>quo</strong></span> <span class='ocrx_word' id='word_1_62' title='bbox 1200 848 1483 908; x_wconf 89' lang='lat' dir='ltr'><strong>admirari</strong></span> <span class='ocrx_word' id='word_1_63' title='bbox 1509 847 1673 908; x_wconf 89' lang='lat' dir='ltr'><strong>soleo</strong></span> <span class='ocrx_word' id='word_1_64' title='bbox 1704 864 1825 908; x_wconf 90' lang='lat' dir='ltr'><strong>non</strong></span> <span class='ocrx_word' id='word_1_65' title='bbox 1855 846 2132 927; x_wconf 84' lang='lat' dir='ltr'><strong>equidem</strong></span> <span class='ocrx_word' id='word_1_66' title='bbox 2160 849 2322 915; x_wconf 90' lang='lat' dir='ltr'><strong>istos,</strong></span> <span class='ocrx_word' id='word_1_67' title='bbox 2355 848 2457 925; x_wconf 89' lang='lat' dir='ltr'><strong>qui</strong></span> <span class='ocrx_word' id='word_1_68' title='bbox 2486 844 2723 907; x_wconf 81' lang='lat' dir='ltr'><strong>nullam</strong></span> 
     </span>
    </p>
   </div>
   <div class='ocr_carea' id='block_1_8' title="bbox 472 930 2722 1347">
    <p class='ocr_par' dir='ltr' id='par_1_8' title="bbox 472 930 2722 1347">
     <span class='ocr_line' id='line_1_11' title="bbox 473 930 2722 1011; baseline -0 -19"><span class='ocrx_word' id='word_1_69' title='bbox 473 931 613 992; x_wconf 90' lang='lat' dir='ltr'><strong>huic</strong></span> <span class='ocrx_word' id='word_1_70' title='bbox 643 932 734 991; x_wconf 92' lang='lat' dir='ltr'><strong>rei</strong></span> <span class='ocrx_word' id='word_1_71' title='bbox 761 949 1007 1011; x_wconf 85' lang='lat' dir='ltr'><strong>operam</strong></span> <span class='ocrx_word' id='word_1_72' title='bbox 1038 931 1350 1000; x_wconf 86' lang='lat' dir='ltr'><strong>dederunt,</strong></span> <span class='ocrx_word' id='word_1_73' title='bbox 1382 931 1488 992; x_wconf 89' lang='lat' dir='ltr'><strong>sed</strong></span> <span class='ocrx_word' id='word_1_74' title='bbox 1517 932 1822 992; x_wconf 91' lang='lat' dir='ltr'><strong>hominem</strong></span> <span class='ocrx_word' id='word_1_75' title='bbox 1862 932 1926 990; x_wconf 90' lang='lat' dir='ltr'><strong>in</strong></span> <span class='ocrx_word' id='word_1_76' title='bbox 1955 932 2165 1010; x_wconf 86' lang='lat' dir='ltr'><strong>primis</strong></span> <span class='ocrx_word' id='word_1_77' title='bbox 2207 930 2496 991; x_wconf 88' lang='lat' dir='ltr'><strong>disertum</strong></span> <span class='ocrx_word' id='word_1_78' title='bbox 2538 937 2722 1010; x_wconf 85' lang='lat' dir='ltr'><strong>atque</strong></span> 
     </span>
     <span class='ocr_line' id='line_1_12' title="bbox 474 1013 2722 1095; baseline -0.001 -19"><span class='ocrx_word' id='word_1_79' title='bbox 474 1013 793 1084; x_wconf 87' lang='lat' dir='ltr'><strong>eruditum,</strong></span> <span class='ocrx_word' id='word_1_80' title='bbox 836 1014 1195 1094; x_wconf 82' lang='lat' dir='ltr'><strong>Philippum,</strong></span> <span class='ocrx_word' id='word_1_81' title='bbox 1236 1017 1339 1095; x_wconf 87' lang='lat' dir='ltr'><strong>qui</strong></span> <span class='ocrx_word' id='word_1_82' title='bbox 1366 1018 1448 1076; x_wconf 86' lang='lat' dir='ltr'><strong>ita</strong></span> <span class='ocrx_word' id='word_1_83' title='bbox 1478 1015 1631 1077; x_wconf 90' lang='lat' dir='ltr'><strong>solet</strong></span> <span class='ocrx_word' id='word_1_84' title='bbox 1660 1033 1907 1094; x_wconf 80' lang='lat' dir='ltr'><strong>surgere</strong></span> <span class='ocrx_word' id='word_1_85' title='bbox 1937 1015 2011 1075; x_wconf 91' lang='lat' dir='ltr'><strong>ad</strong></span> <span class='ocrx_word' id='word_1_86' title='bbox 2042 1014 2378 1084; x_wconf 87' lang='lat' dir='ltr'><strong>dicendum,</strong></span> <span class='ocrx_word' id='word_1_87' title='bbox 2424 1020 2508 1085; x_wconf 88' lang='lat' dir='ltr'><strong>ut,</strong></span> <span class='ocrx_word' id='word_1_88' title='bbox 2555 1014 2722 1094; x_wconf 89' lang='lat' dir='ltr'><strong>quod</strong></span> 
     </span>
     <span class='ocr_line' id='line_1_13' title="bbox 472 1098 2719 1177; baseline 0 -19"><span class='ocrx_word' id='word_1_89' title='bbox 472 1100 732 1177; x_wconf 85' lang='lat' dir='ltr'><strong>primum</strong></span> <span class='ocrx_word' id='word_1_90' title='bbox 762 1098 1010 1160; x_wconf 84' lang='lat' dir='ltr'><strong>verbum</strong></span> <span class='ocrx_word' id='word_1_91' title='bbox 1041 1099 1353 1161; x_wconf 88' lang='lat' dir='ltr'><strong>habiturus</strong></span> <span class='ocrx_word' id='word_1_92' title='bbox 1381 1102 1475 1170; x_wconf 89' lang='lat' dir='ltr'><strong>sit,</strong></span> <span class='ocrx_word' id='word_1_93' title='bbox 1508 1101 1763 1169; x_wconf 84' lang='lat' dir='ltr'><strong>nesciat;</strong></span> <span class='ocrx_word' id='word_1_94' title='bbox 1813 1106 1873 1160; x_wconf 91' lang='lat' dir='ltr'><strong>et</strong></span> <span class='ocrx_word' id='word_1_95' title='bbox 1902 1100 1984 1159; x_wconf 90' lang='lat' dir='ltr'><strong>ait</strong></span> <span class='ocrx_word' id='word_1_96' title='bbox 2010 1099 2192 1168; x_wconf 86' lang='lat' dir='ltr'><strong>idem,</strong></span> <span class='ocrx_word' id='word_1_97' title='bbox 2234 1116 2371 1159; x_wconf 90' lang='lat' dir='ltr'><strong>cum</strong></span> <span class='ocrx_word' id='word_1_98' title='bbox 2399 1098 2719 1159; x_wconf 78' lang='lat' dir='ltr'><strong>brachium</strong></span> 
     </span>
     <span class='ocr_line' id='line_1_14' title="bbox 474 1180 2719 1263; baseline 0.001 -21"><span class='ocrx_word' id='word_1_99' title='bbox 474 1180 961 1251; x_wconf 78' lang='lat' dir='ltr'><strong>conc-alefecerit,</strong></span> <span class='ocrx_word' id='word_1_100' title='bbox 1007 1191 1132 1245; x_wconf 92' lang='lat' dir='ltr'><strong>tum</strong></span> <span class='ocrx_word' id='word_1_101' title='bbox 1174 1202 1239 1244; x_wconf 90' lang='lat' dir='ltr'><strong>se</strong></span> <span class='ocrx_word' id='word_1_102' title='bbox 1279 1183 1472 1245; x_wconf 85' lang='lat' dir='ltr'><strong>solere</strong></span> <span class='ocrx_word' id='word_1_103' title='bbox 1514 1202 1812 1263; x_wconf 87' lang='lat' dir='ltr'><strong>pugnare;</strong></span> <span class='ocrx_word' id='word_1_104' title='bbox 1861 1201 2056 1263; x_wconf 86' lang='lat' dir='ltr'><strong>neque</strong></span> <span class='ocrx_word' id='word_1_105' title='bbox 2099 1182 2349 1244; x_wconf 87' lang='lat' dir='ltr'><strong>attendit</strong></span> <span class='ocrx_word' id='word_1_106' title='bbox 2390 1201 2494 1243; x_wconf 90' lang='lat' dir='ltr'><strong>eos</strong></span> <span class='ocrx_word' id='word_1_107' title='bbox 2532 1184 2719 1262; x_wconf 86' lang='lat' dir='ltr'><strong>ipsos,</strong></span> 
     </span>
     <span class='ocr_line' id='line_1_15' title="bbox 475 1265 2719 1347; baseline 0 -20"><span class='ocrx_word' id='word_1_108' title='bbox 475 1265 634 1327; x_wconf 88' lang='lat' dir='ltr'><strong>unde</strong></span> <span class='ocrx_word' id='word_1_109' title='bbox 662 1266 778 1327; x_wconf 87' lang='lat' dir='ltr'><strong>hoc</strong></span> <span class='ocrx_word' id='word_1_110' title='bbox 806 1266 999 1328; x_wconf 87' lang='lat' dir='ltr'><strong>simile</strong></span> <span class='ocrx_word' id='word_1_111' title='bbox 1030 1267 1224 1339; x_wconf 88' lang='lat' dir='ltr'><strong>ducat,</strong></span> <span class='ocrx_word' id='word_1_112' title='bbox 1271 1269 1496 1347; x_wconf 88' lang='lat' dir='ltr'><strong>primas</strong></span> <span class='ocrx_word' id='word_1_113' title='bbox 1523 1268 1654 1329; x_wconf 90' lang='lat' dir='ltr'><strong>illas</strong></span> <span class='ocrx_word' id='word_1_114' title='bbox 1680 1269 1882 1329; x_wconf 86' lang='lat' dir='ltr'><strong>hastas</strong></span> <span class='ocrx_word' id='word_1_115' title='bbox 1909 1270 1992 1328; x_wconf 92' lang='lat' dir='ltr'><strong>ita</strong></span> <span class='ocrx_word' id='word_1_116' title='bbox 2019 1269 2242 1328; x_wconf 86' lang='lat' dir='ltr'><strong>iactare</strong></span> <span class='ocrx_word' id='word_1_117' title='bbox 2270 1267 2504 1335; x_wconf 86' lang='lat' dir='ltr'><strong>leniter,</strong></span> <span class='ocrx_word' id='word_1_118' title='bbox 2549 1273 2616 1327; x_wconf 87' lang='lat' dir='ltr'><strong>ut</strong></span> <span class='ocrx_word' id='word_1_119' title='bbox 2658 1274 2719 1327; x_wconf 90' lang='lat' dir='ltr'><strong>et</strong></span> 
     </span>
    </p>
   </div>
   <div class='ocr_carea' id='block_1_9' title="bbox 478 1349 2716 1432">
    <p class='ocr_par' dir='ltr' id='par_1_9' title="bbox 478 1349 2716 1432">
     <span class='ocr_line' id='line_1_16' title="bbox 478 1349 2716 1432; baseline 0 -22"><span class='ocrx_word' id='word_1_120' title='bbox 478 1352 770 1411; x_wconf 83' lang='lat' dir='ltr'><strong>venustati</strong></span> <span class='ocrx_word' id='word_1_121' title='bbox 817 1351 909 1412; x_wconf 81' lang='lat' dir='ltr'><strong>vel</strong></span> <span class='ocrx_word' id='word_1_122' title='bbox 951 1354 1206 1414; x_wconf 79' lang='lat' dir='ltr'><strong>maxime</strong></span> <span class='ocrx_word' id='word_1_123' title='bbox 1256 1353 1515 1413; x_wconf 83' lang='lat' dir='ltr'><strong>serviant</strong></span> <span class='ocrx_word' id='word_1_124' title='bbox 1557 1362 1615 1413; x_wconf 89' lang='lat' dir='ltr'><strong>et</strong></span> <span class='ocrx_word' id='word_1_125' title='bbox 1663 1351 1911 1432; x_wconf 85' lang='lat' dir='ltr'><strong>reliquis</strong></span> <span class='ocrx_word' id='word_1_126' title='bbox 1953 1351 2177 1412; x_wconf 87' lang='lat' dir='ltr'><strong>viribus</strong></span> <span class='ocrx_word' id='word_1_127' title='bbox 2217 1353 2341 1413; x_wconf 88' lang='lat' dir='ltr'><strong>suis</strong></span> <span class='ocrx_word' id='word_1_128' title='bbox 2380 1349 2716 1412; x_wconf 84' lang='lat' dir='ltr'><strong>consulant.</strong></span> 
     </span>
    </p>
   </div>
   <div class='ocr_carea' id='block_1_10' title="bbox 339 1434 2719 1517">
    <p class='ocr_par' dir='ltr' id='par_1_10' title="bbox 339 1434 2719 1517">
     <span class='ocr_line' id='line_1_17' title="bbox 339 1434 2719 1517; baseline 0.003 -28"><span class='ocrx_word' id='word_1_129' title='bbox 339 1435 447 1490; x_wconf 74' lang='lat'><strong>317</strong></span> <span class='ocrx_word' id='word_1_130' title='bbox 477 1434 601 1496; x_wconf 88' lang='lat' dir='ltr'><strong>Nec</strong></span> <span class='ocrx_word' id='word_1_131' title='bbox 630 1441 721 1496; x_wconf 90' lang='lat' dir='ltr'><strong>est</strong></span> <span class='ocrx_word' id='word_1_132' title='bbox 749 1435 1013 1506; x_wconf 87' lang='lat' dir='ltr'><strong>dubium,</strong></span> <span class='ocrx_word' id='word_1_133' title='bbox 1055 1439 1198 1517; x_wconf 89' lang='lat' dir='ltr'><strong>quin</strong></span> <span class='ocrx_word' id='word_1_134' title='bbox 1230 1436 1539 1498; x_wconf 83' lang='lat' dir='ltr'><strong>exordium</strong></span> <span class='ocrx_word' id='word_1_135' title='bbox 1582 1436 1818 1497; x_wconf 91' lang='lat' dir='ltr'><strong>dicendi</strong></span> <span class='ocrx_word' id='word_1_136' title='bbox 1858 1436 2177 1497; x_wconf 87' lang='lat' dir='ltr'><strong>vehemens</strong></span> <span class='ocrx_word' id='word_1_137' title='bbox 2217 1443 2277 1496; x_wconf 92' lang='lat' dir='ltr'><strong>et</strong></span> <span class='ocrx_word' id='word_1_138' title='bbox 2315 1453 2555 1514; x_wconf 82' lang='lat' dir='ltr'><strong>pugnax</strong></span> <span class='ocrx_word' id='word_1_139' title='bbox 2597 1453 2719 1495; x_wconf 87' lang='lat' dir='ltr'><strong>non</strong></span> 
     </span>
    </p>
   </div>
   <div class='ocr_carea' id='block_1_11' title="bbox 422 1519 2721 2022">
    <p class='ocr_par' dir='ltr' id='par_1_11' title="bbox 422 1519 2721 2022">
     <span class='ocr_line' id='line_1_18' title="bbox 474 1519 2711 1600; baseline -0.001 -19"><span class='ocrx_word' id='word_1_140' title='bbox 474 1537 654 1598; x_wconf 84' lang='lat' dir='ltr'><strong>saepe</strong></span> <span class='ocrx_word' id='word_1_141' title='bbox 696 1538 826 1581; x_wconf 86' lang='lat' dir='ltr'><strong>esse</strong></span> <span class='ocrx_word' id='word_1_142' title='bbox 869 1520 1109 1591; x_wconf 60' lang='lat' dir='ltr'><strong>debean</strong></span> <span class='ocrx_word' id='word_1_143' title='bbox 1163 1521 1267 1582; x_wconf 92' lang='lat' dir='ltr'><strong>sed</strong></span> <span class='ocrx_word' id='word_1_144' title='bbox 1297 1522 1435 1581; x_wconf 90' lang='lat' dir='ltr'><strong>siin</strong></span> <span class='ocrx_word' id='word_1_145' title='bbox 1462 1523 1594 1600; x_wconf 91' lang='lat' dir='ltr'><strong>ipso</strong></span> <span class='ocrx_word' id='word_1_146' title='bbox 1633 1519 1738 1581; x_wconf 92' lang='lat' dir='ltr'><strong>illo</strong></span> <span class='ocrx_word' id='word_1_147' title='bbox 1780 1519 2129 1599; x_wconf 83' lang='lat' dir='ltr'><strong>gladiatorio</strong></span> <span class='ocrx_word' id='word_1_148' title='bbox 2168 1521 2322 1580; x_wconf 83' lang='lat' dir='ltr'><strong>vitae</strong></span> <span class='ocrx_word' id='word_1_149' title='bbox 2364 1520 2711 1588; x_wconf 79' lang='lat' dir='ltr'><strong>certamine,</strong></span> 
     </span>
     <span class='ocr_line' id='line_1_19' title="bbox 477 1602 2719 1684; baseline 0 -20"><span class='ocrx_word' id='word_1_150' title='bbox 477 1622 594 1684; x_wconf 88' lang='lat' dir='ltr'><strong>quo</strong></span> <span class='ocrx_word' id='word_1_151' title='bbox 626 1603 788 1665; x_wconf 78' lang='lat' dir='ltr'><strong>ferro</strong></span> <span class='ocrx_word' id='word_1_152' title='bbox 819 1604 1176 1676; x_wconf 89' lang='lat' dir='ltr'><strong>decernitur,</strong></span> <span class='ocrx_word' id='word_1_153' title='bbox 1210 1616 1408 1666; x_wconf 89' lang='lat' dir='ltr'><strong>tamen</strong></span> <span class='ocrx_word' id='word_1_154' title='bbox 1437 1613 1574 1665; x_wconf 87' lang='lat' dir='ltr'><strong>ante</strong></span> <span class='ocrx_word' id='word_1_155' title='bbox 1604 1621 1991 1683; x_wconf 85' lang='lat' dir='ltr'><strong>congressum</strong></span> <span class='ocrx_word' id='word_1_156' title='bbox 2015 1602 2199 1665; x_wconf 86' lang='lat' dir='ltr'><strong>multa</strong></span> <span class='ocrx_word' id='word_1_157' title='bbox 2220 1605 2386 1673; x_wconf 83' lang='lat' dir='ltr'><strong>flunt,</strong></span> <span class='ocrx_word' id='word_1_158' title='bbox 2419 1622 2572 1684; x_wconf 87' lang='lat' dir='ltr'><strong>quae</strong></span> <span class='ocrx_word' id='word_1_159' title='bbox 2595 1621 2719 1664; x_wconf 86' lang='lat' dir='ltr'><strong>non</strong></span> 
     </span>
     <span class='ocr_line' id='line_1_20' title="bbox 422 1687 2719 1769; baseline 0 -22"><span class='ocrx_word' id='word_1_160' title='bbox 422 1735 434 1755; x_wconf 86' lang='grc'><strong>,</strong></span> <span class='ocrx_word' id='word_1_161' title='bbox 476 1687 552 1748; x_wconf 81' lang='lat' dir='ltr'><strong>ad</strong></span> <span class='ocrx_word' id='word_1_162' title='bbox 582 1688 810 1758; x_wconf 86' lang='lat' dir='ltr'><strong>vulnus,</strong></span> <span class='ocrx_word' id='word_1_163' title='bbox 854 1689 959 1749; x_wconf 90' lang='lat' dir='ltr'><strong>sed</strong></span> <span class='ocrx_word' id='word_1_164' title='bbox 989 1690 1064 1750; x_wconf 85' lang='lat' dir='ltr'><strong>ad</strong></span> <span class='ocrx_word' id='word_1_165' title='bbox 1093 1692 1356 1769; x_wconf 87' lang='lat' dir='ltr'><strong>speciem</strong></span> <span class='ocrx_word' id='word_1_166' title='bbox 1386 1688 1584 1749; x_wconf 86' lang='lat' dir='ltr'><strong>valere</strong></span> <span class='ocrx_word' id='word_1_167' title='bbox 1625 1689 1961 1749; x_wconf 88' lang='lat' dir='ltr'><strong>videantur.</strong></span> <span class='ocrx_word' id='word_1_168' title='bbox 2007 1696 2227 1768; x_wconf 87' lang='lat' dir='ltr'><strong>quanto</strong></span> <span class='ocrx_word' id='word_1_169' title='bbox 2268 1688 2382 1749; x_wconf 90' lang='lat' dir='ltr'><strong>hoc</strong></span> <span class='ocrx_word' id='word_1_170' title='bbox 2423 1690 2614 1765; x_wconf 84' lang='lat' dir='ltr'><strong>magis</strong></span> <span class='ocrx_word' id='word_1_171' title='bbox 2653 1689 2719 1747; x_wconf 92' lang='lat' dir='ltr'><strong>in</strong></span> 
     </span>
     <span class='ocr_line' id='line_1_21' title="bbox 474 1771 2719 1853; baseline -0 -21"><span class='ocrx_word' id='word_1_172' title='bbox 474 1773 746 1833; x_wconf 87' lang='lat' dir='ltr'><strong>oratione</strong></span> <span class='ocrx_word' id='word_1_173' title='bbox 778 1780 867 1833; x_wconf 90' lang='lat' dir='ltr'><strong>est</strong></span> <span class='ocrx_word' id='word_1_174' title='bbox 894 1774 1301 1851; x_wconf 89' lang='lat' dir='ltr'><strong>spectandum,</strong></span> <span class='ocrx_word' id='word_1_175' title='bbox 1330 1775 1396 1833; x_wconf 91' lang='lat' dir='ltr'><strong>in</strong></span> <span class='ocrx_word' id='word_1_176' title='bbox 1426 1792 1542 1853; x_wconf 87' lang='lat' dir='ltr'><strong>qua</strong></span> <span class='ocrx_word' id='word_1_177' title='bbox 1572 1791 1692 1835; x_wconf 91' lang='lat' dir='ltr'><strong>non</strong></span> <span class='ocrx_word' id='word_1_178' title='bbox 1726 1775 1807 1834; x_wconf 87' lang='lat' dir='ltr'><strong>vis</strong></span> <span class='ocrx_word' id='word_1_179' title='bbox 1837 1774 2032 1852; x_wconf 87' lang='lat' dir='ltr'><strong>potius</strong></span> <span class='ocrx_word' id='word_1_180' title='bbox 2062 1791 2238 1853; x_wconf 89' lang='lat' dir='ltr'><strong>quam</strong></span> <span class='ocrx_word' id='word_1_181' title='bbox 2271 1771 2587 1832; x_wconf 87' lang='lat' dir='ltr'><strong>delectatio</strong></span> <span class='ocrx_word' id='word_1_182' title='bbox 2603 1788 2719 1851; x_wconf 90' lang='lat' dir='ltr'><strong>po-</strong></span> 
     </span>
     <span class='ocr_line' id='line_1_22' title="bbox 475 1855 2716 1938; baseline 0 -22"><span class='ocrx_word' id='word_1_183' title='bbox 475 1855 758 1917; x_wconf 84' lang='lat' dir='ltr'><strong>stulatur!</strong></span> <span class='ocrx_word' id='word_1_184' title='bbox 789 1855 949 1918; x_wconf 91' lang='lat' dir='ltr'><strong>Nihil</strong></span> <span class='ocrx_word' id='word_1_185' title='bbox 979 1864 1068 1917; x_wconf 90' lang='lat' dir='ltr'><strong>est</strong></span> <span class='ocrx_word' id='word_1_186' title='bbox 1097 1858 1398 1938; x_wconf 84' lang='lat' dir='ltr'><strong>denique</strong></span> <span class='ocrx_word' id='word_1_187' title='bbox 1381 1876 1445 1918; x_wconf 89' lang='grc' dir='ltr'><strong>ιιι</strong></span> <span class='ocrx_word' id='word_1_188' title='bbox 1476 1865 1688 1918; x_wconf 87' lang='lat' dir='ltr'><strong>natura</strong></span> <span class='ocrx_word' id='word_1_189' title='bbox 1720 1875 1921 1918; x_wconf 86' lang='lat' dir='ltr'><strong>rerum</strong></span> <span class='ocrx_word' id='word_1_190' title='bbox 1952 1858 2238 1925; x_wconf 86' lang='lat' dir='ltr'><strong>omnium,</strong></span> <span class='ocrx_word' id='word_1_191' title='bbox 2281 1855 2441 1936; x_wconf 86' lang='lat' dir='ltr'><strong>quod</strong></span> <span class='ocrx_word' id='word_1_192' title='bbox 2483 1874 2548 1917; x_wconf 90' lang='lat' dir='ltr'><strong>se</strong></span> <span class='ocrx_word' id='word_1_193' title='bbox 2577 1857 2716 1916; x_wconf 90' lang='lat' dir='ltr'><strong>uni-</strong></span> 
     </span>
     <span class='ocr_line' id='line_1_23' title="bbox 478 1939 2721 2022; baseline 0.001 -25"><span class='ocrx_word' id='word_1_194' title='bbox 478 1956 718 2000; x_wconf 80' lang='lat' dir='ltr'><strong>versum</strong></span> <span class='ocrx_word' id='word_1_195' title='bbox 746 1939 1069 2018; x_wconf 77' lang='lat' dir='ltr'><strong>profundat</strong></span> <span class='ocrx_word' id='word_1_196' title='bbox 1107 1949 1165 2002; x_wconf 87' lang='lat' dir='ltr'><strong>et</strong></span> <span class='ocrx_word' id='word_1_197' title='bbox 1203 1942 1358 2021; x_wconf 88' lang='lat' dir='ltr'><strong>quod</strong></span> <span class='ocrx_word' id='word_1_198' title='bbox 1403 1949 1592 2002; x_wconf 87' lang='lat' dir='ltr'><strong>totum</strong></span> <span class='ocrx_word' id='word_1_199' title='bbox 1624 1949 1872 2022; x_wconf 87' lang='lat' dir='ltr'><strong>repente</strong></span> <span class='ocrx_word' id='word_1_200' title='bbox 1916 1940 2134 2011; x_wconf 80' lang='lat' dir='ltr'><strong>evolet;</strong></span> <span class='ocrx_word' id='word_1_201' title='bbox 2180 1943 2268 2001; x_wconf 91' lang='lat' dir='ltr'><strong>sic</strong></span> <span class='ocrx_word' id='word_1_202' title='bbox 2307 1942 2524 2010; x_wconf 86' lang='lat' dir='ltr'><strong>omnia,</strong></span> <span class='ocrx_word' id='word_1_203' title='bbox 2565 1958 2721 2020; x_wconf 85' lang='lat' dir='ltr'><strong>quae</strong></span> 
     </span>
    </p>
   </div>
   <div class='ocr_carea' id='block_1_12' title="bbox 476 2207 1550 2681">
    <p class='ocr_par' dir='ltr' id='par_1_12' title="bbox 479 2207 1549 2530">
     <span class='ocr_line' id='line_1_24' title="bbox 479 2207 1549 2275; baseline 0.003 -19"><span class='ocrx_word' id='word_1_204' title='bbox 479 2207 623 2271; x_wconf 86' lang='lat' dir='ltr'><strong>quod</strong></span> <span class='ocrx_word' id='word_1_205' title='bbox 645 2209 697 2257; x_wconf 89' lang='lat' dir='ltr'><strong>in</strong></span> <span class='ocrx_word' id='word_1_206' title='bbox 721 2209 895 2273; x_wconf 78' lang='lat' dir='ltr'><strong>plures</strong></span> <span class='ocrx_word' id='word_1_207' title='bbox 920 2223 1102 2260; x_wconf 78' lang='lat' dir='ltr'><strong>causas</strong></span> <span class='ocrx_word' id='word_1_208' title='bbox 1133 2216 1303 2275; x_wconf 85' lang='lat' dir='ltr'><strong>potest</strong></span> <span class='ocrx_word' id='word_1_209' title='bbox 1338 2209 1549 2259; x_wconf 85' lang='lat' dir='ltr'><strong>adcom-</strong></span> 
     </span>
     <span class='ocr_line' id='line_1_25' title="bbox 480 2275 1550 2341; baseline 0.002 -17"><span class='ocrx_word' id='word_1_210' title='bbox 480 2275 692 2334; x_wconf 74' lang='lat' dir='ltr'><strong>modati,</strong></span> <span class='ocrx_word' id='word_1_211' title='bbox 714 2276 851 2337; x_wconf 88' lang='lat' dir='ltr'><strong>quod</strong></span> <span class='ocrx_word' id='word_1_212' title='bbox 866 2279 1074 2341; x_wconf 62' lang='lat' dir='ltr'><strong>vulpare</strong></span> <span class='ocrx_word' id='word_1_213' title='bbox 1093 2277 1302 2335; x_wconf 77' lang='lat' dir='ltr'><strong>dicitur3</strong></span> <span class='ocrx_word' id='word_1_214' title='bbox 1328 2278 1450 2326; x_wconf 82' lang='lat' dir='ltr'><strong>item</strong></span> <span class='ocrx_word' id='word_1_215' title='bbox 1468 2278 1550 2326; x_wconf 87' lang='lat' dir='ltr'><strong>vi-</strong></span> 
     </span>
     <span class='ocr_line' id='line_1_26' title="bbox 480 2342 1548 2408; baseline 0.002 -15"><span class='ocrx_word' id='word_1_216' title='bbox 480 2342 671 2393; x_wconf 82' lang='lat' dir='ltr'><strong>tiosum</strong></span> <span class='ocrx_word' id='word_1_217' title='bbox 696 2351 791 2393; x_wconf 84' lang='lat' dir='ltr'><strong>est.</strong></span> <span class='ocrx_word' id='word_1_218' title='bbox 818 2361 917 2408; x_wconf 77' lang='lat' dir='ltr'><strong>quo</strong></span> <span class='ocrx_word' id='word_1_219' title='bbox 938 2344 1095 2395; x_wconf 84' lang='lat' dir='ltr'><strong>nihilo</strong></span> <span class='ocrx_word' id='word_1_220' title='bbox 1115 2345 1282 2396; x_wconf 87' lang='lat' dir='ltr'><strong>minus</strong></span> <span class='ocrx_word' id='word_1_221' title='bbox 1307 2346 1548 2396; x_wconf 80' lang='lat' dir='ltr'><strong>adversa-</strong></span> 
     </span>
     <span class='ocr_line' id='line_1_27' title="bbox 482 2411 1550 2479; baseline 0.003 -21"><span class='ocrx_word' id='word_1_222' title='bbox 482 2411 589 2461; x_wconf 81' lang='lat' dir='ltr'><strong>rius</strong></span> <span class='ocrx_word' id='word_1_223' title='bbox 617 2419 787 2479; x_wconf 86' lang='lat' dir='ltr'><strong>potest</strong></span> <span class='ocrx_word' id='word_1_224' title='bbox 809 2412 908 2471; x_wconf 84' lang='lat' dir='ltr'><strong>uti,</strong></span> <span class='ocrx_word' id='word_1_225' title='bbox 936 2413 1074 2475; x_wconf 86' lang='lat' dir='ltr'><strong>quod</strong></span> <span class='ocrx_word' id='word_1_226' title='bbox 1097 2428 1349 2463; x_wconf 80' lang='lat' dir='ltr'><strong>commune</strong></span> <span class='ocrx_word' id='word_1_227' title='bbox 1374 2413 1550 2479; x_wconf 84' lang='lat' dir='ltr'><strong>appel-</strong></span> 
     </span>
     <span class='ocr_line' id='line_1_28' title="bbox 481 2477 1110 2541; baseline 0.007 -15"><span class='ocrx_word' id='word_1_228' title='bbox 481 2477 631 2528; x_wconf 82' lang='lat' dir='ltr'><strong>latur.</strong></span> <span class='ocrx_word' id='word_1_229' title='bbox 669 2480 768 2528; x_wconf 85' lang='lat' dir='ltr'><strong>de</strong></span> <span class='ocrx_word' id='word_1_230' title='bbox 757 2494 860 2529; x_wconf 81' lang='lat' dir='ltr'><strong>inv</strong></span> <span class='ocrx_word' id='word_1_231' title='bbox 889 2477 1016 2541; x_wconf 86' lang='lat'><strong>118,</strong></span> <span class='ocrx_word' id='word_1_232' title='bbox 1041 2488 1110 2530; x_wconf 97' lang='grc'><strong>26.</strong></span> 
     </span>
    </p>

    <p class='ocr_par' dir='ltr' id='par_1_13' title="bbox 476 2545 1549 2681">
     <span class='ocr_line' id='line_1_29' title="bbox 553 2545 1549 2611; baseline -0.002 -14"><span class='ocrx_word' id='word_1_233' title='bbox 553 2545 639 2597; x_wconf 84' lang='grc'><strong>78.</strong></span> <span class='ocrx_word' id='word_1_234' title='bbox 673 2554 852 2603; x_wconf 76' lang='lat' dir='ltr'><strong>acuta,</strong></span> <span class='ocrx_word' id='word_1_235' title='bbox 878 2547 1111 2598; x_wconf 80' lang='lat' dir='ltr'><strong>treffend.</strong></span> <span class='ocrx_word' id='word_1_236' title='bbox 1137 2562 1403 2598; x_wconf 78' lang='lat' dir='ltr'><strong>causarum</strong></span> <span class='ocrx_word' id='word_1_237' title='bbox 1423 2561 1549 2611; x_wconf 85' lang='lat' dir='ltr'><strong>pro.</strong></span> 
     </span>
     <span class='ocr_line' id='line_1_30' title="bbox 476 2614 1547 2681; baseline -0.002 -16"><span class='ocrx_word' id='word_1_238' title='bbox 476 2617 627 2680; x_wconf 62' lang='lat' dir='ltr'><strong>pur-Sa,</strong></span> <span class='ocrx_word' id='word_1_239' title='bbox 661 2614 770 2666; x_wconf 85' lang='lat' dir='ltr'><strong>also</strong></span> <span class='ocrx_word' id='word_1_240' title='bbox 806 2615 1080 2681; x_wconf 75' lang='lat' dir='ltr'><strong>moglichst</strong></span> <span class='ocrx_word' id='word_1_241' title='bbox 1102 2625 1334 2676; x_wconf 72' lang='lat' dir='ltr'><strong>conci-et,</strong></span> <span class='ocrx_word' id='word_1_242' title='bbox 1369 2614 1547 2676; x_wconf 84' lang='lat'><strong>11127,</strong></span> 
     </span>
    </p>
   </div>
   <div class='ocr_carea' id='block_1_13' title="bbox 480 2749 1558 4153">
    <p class='ocr_par' dir='ltr' id='par_1_14' title="bbox 481 2749 1550 2947">
     <span class='ocr_line' id='line_1_31' title="bbox 551 2749 1550 2806; baseline -0.001 -8"><span class='ocrx_word' id='word_1_243' title='bbox 551 2758 645 2798; x_wconf 86' lang='grc'><strong>316.</strong></span> <span class='ocrx_word' id='word_1_244' title='bbox 671 2749 935 2799; x_wconf 74' lang='lat' dir='ltr'><strong>habiturus</strong></span> <span class='ocrx_word' id='word_1_245' title='bbox 951 2752 1035 2806; x_wconf 75' lang='lat' dir='ltr'><strong>sit,</strong></span> <span class='ocrx_word' id='word_1_246' title='bbox 1063 2749 1281 2798; x_wconf 84' lang='lat' dir='ltr'><strong>nehmen</strong></span> <span class='ocrx_word' id='word_1_247' title='bbox 1303 2749 1417 2799; x_wconf 83' lang='lat' dir='ltr'><strong>soll.</strong></span> <span class='ocrx_word' id='word_1_248' title='bbox 1442 2764 1550 2798; x_wconf 81' lang='lat' dir='ltr'><strong>eum</strong></span> 
     </span>
     <span class='ocr_line' id='line_1_32' title="bbox 481 2816 1549 2880; baseline 0 -15"><span class='ocrx_word' id='word_1_249' title='bbox 481 2816 738 2866; x_wconf 72' lang='lat' dir='ltr'><strong>brachium</strong></span> <span class='ocrx_word' id='word_1_250' title='bbox 761 2817 1171 2880; x_wconf 77' lang='lat' dir='ltr'><strong>concalefecerit,</strong></span> <span class='ocrx_word' id='word_1_251' title='bbox 1193 2831 1343 2865; x_wconf 84' lang='lat' dir='ltr'><strong>wenn</strong></span> <span class='ocrx_word' id='word_1_252' title='bbox 1369 2832 1423 2865; x_wconf 85' lang='lat' dir='ltr'><strong>er</strong></span> <span class='ocrx_word' id='word_1_253' title='bbox 1440 2817 1549 2866; x_wconf 83' lang='lat' dir='ltr'><strong>also</strong></span> 
     </span>
     <span class='ocr_line' id='line_1_33' title="bbox 484 2882 1549 2947; baseline -0.001 -15"><span class='ocrx_word' id='word_1_254' title='bbox 484 2883 568 2932; x_wconf 87' lang='lat' dir='ltr'><strong>die</strong></span> <span class='ocrx_word' id='word_1_255' title='bbox 593 2884 763 2947; x_wconf 77' lang='lat' dir='ltr'><strong>notige</strong></span> <span class='ocrx_word' id='word_1_256' title='bbox 789 2883 966 2932; x_wconf 85' lang='lat' dir='ltr'><strong>innere</strong></span> <span class='ocrx_word' id='word_1_257' title='bbox 987 2883 1198 2932; x_wconf 88' lang='lat' dir='ltr'><strong>Warme</strong></span> <span class='ocrx_word' id='word_1_258' title='bbox 1232 2882 1372 2944; x_wconf 86' lang='lat' dir='ltr'><strong>(zum</strong></span> <span class='ocrx_word' id='word_1_259' title='bbox 1398 2885 1549 2933; x_wconf 82' lang='lat' dir='ltr'><strong>Kam-</strong></span> 
     </span>
    </p>

    <p class='ocr_par' dir='ltr' id='par_1_15' title="bbox 480 2946 1555 3755">
     <span class='ocr_line' id='line_1_34' title="bbox 483 2946 1551 3015; baseline 0 -17"><span class='ocrx_word' id='word_1_260' title='bbox 483 2946 636 3015; x_wconf 80' lang='lat' dir='ltr'><strong>pi&#39;en)</strong></span> <span class='ocrx_word' id='word_1_261' title='bbox 670 2948 839 3009; x_wconf 79' lang='lat' dir='ltr'><strong>fuhle‚</strong></span> <span class='ocrx_word' id='word_1_262' title='bbox 874 2952 943 2999; x_wconf 88' lang='lat' dir='ltr'><strong>im</strong></span> <span class='ocrx_word' id='word_1_263' title='bbox 968 2950 1248 3000; x_wconf 85' lang='lat' dir='ltr'><strong>Vertrauen</strong></span> <span class='ocrx_word' id='word_1_264' title='bbox 1287 2951 1408 3001; x_wconf 81' lang='lat' dir='ltr'><strong>dass</strong></span> <span class='ocrx_word' id='word_1_265' title='bbox 1441 2950 1551 3001; x_wconf 87' lang='lat' dir='ltr'><strong>sich</strong></span> 
     </span>
     <span class='ocr_line' id='line_1_35' title="bbox 485 3015 1554 3068; baseline 0.002 -2"><span class='ocrx_word' id='word_1_266' title='bbox 485 3016 624 3066; x_wconf 79' lang='lat' dir='ltr'><strong>daun</strong></span> <span class='ocrx_word' id='word_1_267' title='bbox 641 3015 800 3066; x_wconf 83' lang='lat' dir='ltr'><strong>sehon</strong></span> <span class='ocrx_word' id='word_1_268' title='bbox 821 3017 914 3066; x_wconf 87' lang='lat' dir='ltr'><strong>das</strong></span> <span class='ocrx_word' id='word_1_269' title='bbox 930 3016 1368 3067; x_wconf 85' lang='lat' dir='ltr'><strong>rechteWortvon</strong></span> <span class='ocrx_word' id='word_1_270' title='bbox 1391 3019 1554 3068; x_wconf 85' lang='lat' dir='ltr'><strong>selbst</strong></span> 
     </span>
     <span class='ocr_line' id='line_1_36' title="bbox 485 3083 1550 3135; baseline 0.003 -3"><span class='ocrx_word' id='word_1_271' title='bbox 485 3083 742 3133; x_wconf 87' lang='lat' dir='ltr'><strong>einflnden</strong></span> <span class='ocrx_word' id='word_1_272' title='bbox 775 3084 959 3134; x_wconf 81' lang='lat' dir='ltr'><strong>werde.</strong></span> <span class='ocrx_word' id='word_1_273' title='bbox 1008 3084 1110 3134; x_wconf 86' lang='lat' dir='ltr'><strong>Der</strong></span> <span class='ocrx_word' id='word_1_274' title='bbox 1141 3085 1382 3135; x_wconf 83' lang='lat' dir='ltr'><strong>bildliche</strong></span> <span class='ocrx_word' id='word_1_275' title='bbox 1416 3087 1550 3135; x_wconf 77' lang='lat' dir='ltr'><strong>Aus-</strong></span> 
     </span>
     <span class='ocr_line' id='line_1_37' title="bbox 486 3150 1552 3214; baseline 0.001 -13"><span class='ocrx_word' id='word_1_276' title='bbox 486 3151 645 3201; x_wconf 85' lang='lat' dir='ltr'><strong>druck</strong></span> <span class='ocrx_word' id='word_1_277' title='bbox 663 3152 731 3201; x_wconf 82' lang='lat' dir='ltr'><strong>ist</strong></span> <span class='ocrx_word' id='word_1_278' title='bbox 741 3165 839 3202; x_wconf 84' lang='lat' dir='ltr'><strong>von</strong></span> <span class='ocrx_word' id='word_1_279' title='bbox 854 3152 952 3201; x_wconf 88' lang='lat' dir='ltr'><strong>den</strong></span> <span class='ocrx_word' id='word_1_280' title='bbox 964 3150 1284 3202; x_wconf 83' lang='lat' dir='ltr'><strong>Gladiatoren</strong></span> <span class='ocrx_word' id='word_1_281' title='bbox 1310 3152 1552 3214; x_wconf 73' lang='lat' dir='ltr'><strong>entlehnt,</strong></span> 
     </span>
     <span class='ocr_line' id='line_1_38' title="bbox 486 3218 1554 3285; baseline -0.003 -14"><span class='ocrx_word' id='word_1_282' title='bbox 486 3218 569 3271; x_wconf 84' lang='lat' dir='ltr'><strong>die</strong></span> <span class='ocrx_word' id='word_1_283' title='bbox 601 3219 722 3269; x_wconf 84' lang='lat' dir='ltr'><strong>aber</strong></span> <span class='ocrx_word' id='word_1_284' title='bbox 754 3220 944 3284; x_wconf 74' lang='lat' dir='ltr'><strong>gei-ade</strong></span> <span class='ocrx_word' id='word_1_285' title='bbox 982 3229 1084 3269; x_wconf 85' lang='lat' dir='ltr'><strong>erst</strong></span> <span class='ocrx_word' id='word_1_286' title='bbox 1115 3222 1212 3269; x_wconf 86' lang='lat' dir='ltr'><strong>wie</strong></span> <span class='ocrx_word' id='word_1_287' title='bbox 1239 3235 1355 3270; x_wconf 85' lang='lat' dir='ltr'><strong>zum</strong></span> <span class='ocrx_word' id='word_1_288' title='bbox 1380 3220 1554 3285; x_wconf 82' lang='lat' dir='ltr'><strong>Spiele</strong></span> 
     </span>
     <span class='ocr_line' id='line_1_39' title="bbox 484 3286 1555 3353; baseline 0 -17"><span class='ocrx_word' id='word_1_289' title='bbox 484 3286 591 3336; x_wconf 88' lang='lat' dir='ltr'><strong>und</strong></span> <span class='ocrx_word' id='word_1_290' title='bbox 614 3301 699 3336; x_wconf 89' lang='lat' dir='ltr'><strong>um</strong></span> <span class='ocrx_word' id='word_1_291' title='bbox 723 3301 823 3337; x_wconf 83' lang='lat' dir='ltr'><strong>von</strong></span> <span class='ocrx_word' id='word_1_292' title='bbox 844 3287 960 3336; x_wconf 86' lang='lat' dir='ltr'><strong>dem</strong></span> <span class='ocrx_word' id='word_1_293' title='bbox 979 3287 1358 3353; x_wconf 80' lang='lat' dir='ltr'><strong>schaulnstigen</strong></span> <span class='ocrx_word' id='word_1_294' title='bbox 1377 3287 1555 3337; x_wconf 82' lang='lat' dir='ltr'><strong>Publi-</strong></span> 
     </span>
     <span class='ocr_line' id='line_1_40' title="bbox 485 3354 1554 3421; baseline 0 -18"><span class='ocrx_word' id='word_1_295' title='bbox 485 3368 603 3404; x_wconf 85' lang='lat' dir='ltr'><strong>oum</strong></span> <span class='ocrx_word' id='word_1_296' title='bbox 643 3354 751 3405; x_wconf 84' lang='lat' dir='ltr'><strong>ihre</strong></span> <span class='ocrx_word' id='word_1_297' title='bbox 795 3356 1016 3419; x_wconf 71' lang='lat' dir='ltr'><strong>gratiose</strong></span> <span class='ocrx_word' id='word_1_298' title='bbox 1048 3355 1271 3421; x_wconf 81' lang='lat' dir='ltr'><strong>Haltung</strong></span> <span class='ocrx_word' id='word_1_299' title='bbox 1315 3354 1423 3404; x_wconf 82' lang='lat' dir='ltr'><strong>und</strong></span> <span class='ocrx_word' id='word_1_300' title='bbox 1456 3354 1554 3403; x_wconf 88' lang='lat' dir='ltr'><strong>Be-</strong></span> 
     </span>
     <span class='ocr_line' id='line_1_41' title="bbox 484 3422 1547 3489; baseline 0 -18"><span class='ocrx_word' id='word_1_301' title='bbox 484 3436 730 3487; x_wconf 75' lang='lat' dir='ltr'><strong>wegung,</strong></span> <span class='ocrx_word' id='word_1_302' title='bbox 778 3422 1066 3489; x_wconf 79' lang='lat' dir='ltr'><strong>uberhaupt</strong></span> <span class='ocrx_word' id='word_1_303' title='bbox 1107 3422 1217 3471; x_wconf 86' lang='lat' dir='ltr'><strong>ihre</strong></span> <span class='ocrx_word' id='word_1_304' title='bbox 1247 3423 1410 3471; x_wconf 82' lang='lat' dir='ltr'><strong>Kunst</strong></span> <span class='ocrx_word' id='word_1_305' title='bbox 1457 3422 1547 3471; x_wconf 90' lang='lat' dir='ltr'><strong>be·</strong></span> 
     </span>
     <span class='ocr_line' id='line_1_42' title="bbox 484 3489 1549 3555; baseline 0 -18"><span class='ocrx_word' id='word_1_306' title='bbox 484 3489 728 3539; x_wconf 76' lang='lat' dir='ltr'><strong>wuudern</strong></span> <span class='ocrx_word' id='word_1_307' title='bbox 779 3505 843 3538; x_wconf 86' lang='lat' dir='ltr'><strong>zu</strong></span> <span class='ocrx_word' id='word_1_308' title='bbox 889 3490 1091 3550; x_wconf 62' lang='lat' dir='ltr'><strong>lamen,</strong></span> <span class='ocrx_word' id='word_1_309' title='bbox 1149 3490 1243 3538; x_wconf 86' lang='lat' dir='ltr'><strong>mit</strong></span> <span class='ocrx_word' id='word_1_310' title='bbox 1289 3489 1549 3555; x_wconf 81' lang='lat' dir='ltr'><strong>stumpl&#39;en</strong></span> 
     </span>
     <span class='ocr_line' id='line_1_43' title="bbox 481 3554 1553 3621; baseline 0.002 -17"><span class='ocrx_word' id='word_1_311' title='bbox 481 3554 689 3605; x_wconf 81' lang='lat' dir='ltr'><strong>Waffen</strong></span> <span class='ocrx_word' id='word_1_312' title='bbox 723 3556 1014 3621; x_wconf 77' lang='lat' dir='ltr'><strong>kampften,</strong></span> <span class='ocrx_word' id='word_1_313' title='bbox 1049 3557 1128 3607; x_wconf 90' lang='lat' dir='ltr'><strong>bis</strong></span> <span class='ocrx_word' id='word_1_314' title='bbox 1153 3557 1230 3607; x_wconf 87' lang='lat' dir='ltr'><strong>sie</strong></span> <span class='ocrx_word' id='word_1_315' title='bbox 1256 3571 1371 3606; x_wconf 85' lang='lat' dir='ltr'><strong>zum</strong></span> <span class='ocrx_word' id='word_1_316' title='bbox 1396 3558 1553 3607; x_wconf 85' lang='lat' dir='ltr'><strong>bluti-</strong></span> 
     </span>
     <span class='ocr_line' id='line_1_44' title="bbox 481 3622 1551 3687; baseline 0.004 -18"><span class='ocrx_word' id='word_1_317' title='bbox 481 3636 579 3687; x_wconf 80' lang='lat' dir='ltr'><strong>gen</strong></span> <span class='ocrx_word' id='word_1_318' title='bbox 619 3622 770 3672; x_wconf 82' lang='lat' dir='ltr'><strong>Ernst</strong></span> <span class='ocrx_word' id='word_1_319' title='bbox 817 3623 901 3672; x_wconf 90' lang='lat' dir='ltr'><strong>die</strong></span> <span class='ocrx_word' id='word_1_320' title='bbox 953 3639 1094 3673; x_wconf 83' lang='lat' dir='ltr'><strong>arma</strong></span> <span class='ocrx_word' id='word_1_321' title='bbox 1142 3624 1420 3673; x_wconf 85' lang='lat' dir='ltr'><strong>decretoria</strong></span> <span class='ocrx_word' id='word_1_322' title='bbox 1470 3639 1551 3673; x_wconf 86' lang='lat' dir='ltr'><strong>er—</strong></span> 
     </span>
     <span class='ocr_line' id='line_1_45' title="bbox 480 3686 923 3755; baseline 0 -17"><span class='ocrx_word' id='word_1_323' title='bbox 480 3688 666 3755; x_wconf 76' lang='lat' dir='ltr'><strong>griffen</strong></span> <span class='ocrx_word' id='word_1_324' title='bbox 694 3686 752 3755; x_wconf 75' lang='lat' dir='ltr'><strong>(S</strong></span> <span class='ocrx_word' id='word_1_325' title='bbox 776 3688 923 3750; x_wconf 79' lang='lat'><strong>325).</strong></span> 
     </span>
    </p>

    <p class='ocr_par' dir='ltr' id='par_1_16' title="bbox 481 3756 1556 4146">
     <span class='ocr_line' id='line_1_46' title="bbox 551 3756 1554 3825; baseline 0 -18"><span class='ocrx_word' id='word_1_326' title='bbox 551 3765 648 3807; x_wconf 79' lang='grc'><strong>317.</strong></span> <span class='ocrx_word' id='word_1_327' title='bbox 683 3758 952 3807; x_wconf 76' lang='lat' dir='ltr'><strong>exordium</strong></span> <span class='ocrx_word' id='word_1_328' title='bbox 974 3765 1070 3807; x_wconf 85' lang='lat' dir='ltr'><strong>etc.</strong></span> <span class='ocrx_word' id='word_1_329' title='bbox 1098 3757 1179 3808; x_wconf 86' lang='lat' dir='ltr'><strong>Or.</strong></span> <span class='ocrx_word' id='word_1_330' title='bbox 1198 3756 1284 3816; x_wconf 87' lang='grc'><strong>36,</strong></span> <span class='ocrx_word' id='word_1_331' title='bbox 1313 3767 1383 3808; x_wconf 67' lang='grc'><strong>121</strong></span> <span class='ocrx_word' id='word_1_332' title='bbox 1405 3760 1554 3825; x_wconf 79' lang='lat' dir='ltr'><strong>prin-</strong></span> 
     </span>
     <span class='ocr_line' id='line_1_47' title="bbox 481 3824 1556 3889; baseline 0.004 -17"><span class='ocrx_word' id='word_1_333' title='bbox 481 3825 622 3889; x_wconf 83' lang='lat' dir='ltr'><strong>cipia</strong></span> <span class='ocrx_word' id='word_1_334' title='bbox 657 3824 967 3884; x_wconf 83' lang='lat' dir='ltr'><strong>verecunda,</strong></span> <span class='ocrx_word' id='word_1_335' title='bbox 1015 3840 1115 3875; x_wconf 79' lang='lat' dir='ltr'><strong>non</strong></span> <span class='ocrx_word' id='word_1_336' title='bbox 1158 3827 1308 3876; x_wconf 74' lang='lat' dir='ltr'><strong>elatis</strong></span> <span class='ocrx_word' id='word_1_337' title='bbox 1344 3828 1556 3877; x_wconf 74' lang='lat' dir='ltr'><strong>incensa</strong></span> 
     </span>
     <span class='ocr_line' id='line_1_48' title="bbox 483 3890 1558 3952; baseline 0.002 -11"><span class='ocrx_word' id='word_1_338' title='bbox 483 3890 669 3952; x_wconf 67' lang='lat' dir='ltr'><strong>verbis,</strong></span> <span class='ocrx_word' id='word_1_339' title='bbox 695 3891 789 3941; x_wconf 84' lang='lat' dir='ltr'><strong>sed</strong></span> <span class='ocrx_word' id='word_1_340' title='bbox 812 3899 968 3941; x_wconf 74' lang='lat' dir='ltr'><strong>acuta</strong></span> <span class='ocrx_word' id='word_1_341' title='bbox 986 3894 1254 3944; x_wconf 68' lang='lat' dir='ltr'><strong>sententiis</strong></span> <span class='ocrx_word' id='word_1_342' title='bbox 1276 3894 1359 3944; x_wconf 83' lang='lat' dir='ltr'><strong>vel</strong></span> <span class='ocrx_word' id='word_1_343' title='bbox 1382 3894 1449 3943; x_wconf 86' lang='lat' dir='ltr'><strong>ad</strong></span> <span class='ocrx_word' id='word_1_344' title='bbox 1476 3894 1558 3943; x_wconf 85' lang='lat' dir='ltr'><strong>oi&#39;-</strong></span> 
     </span>
     <span class='ocr_line' id='line_1_49' title="bbox 482 3957 1556 4011; baseline 0.003 -4"><span class='ocrx_word' id='word_1_345' title='bbox 482 3957 778 4008; x_wconf 64' lang='lat' dir='ltr'><strong>tensionem</strong></span> <span class='ocrx_word' id='word_1_346' title='bbox 800 3959 1076 4009; x_wconf 80' lang='lat' dir='ltr'><strong>adversarii</strong></span> <span class='ocrx_word' id='word_1_347' title='bbox 1097 3961 1178 4009; x_wconf 85' lang='lat' dir='ltr'><strong>vel</strong></span> <span class='ocrx_word' id='word_1_348' title='bbox 1201 3962 1267 4010; x_wconf 87' lang='lat' dir='ltr'><strong>ad</strong></span> <span class='ocrx_word' id='word_1_349' title='bbox 1292 3975 1556 4011; x_wconf 83' lang='lat' dir='ltr'><strong>commen</strong></span> 
     </span>
     <span class='ocr_line' id='line_1_50' title="bbox 484 4024 1556 4092; baseline 0.005 -20"><span class='ocrx_word' id='word_1_350' title='bbox 484 4024 742 4074; x_wconf 75' lang='lat' dir='ltr'><strong>dationem</strong></span> <span class='ocrx_word' id='word_1_351' title='bbox 768 4027 868 4076; x_wconf 82' lang='lat' dir='ltr'><strong>sui.</strong></span> <span class='ocrx_word' id='word_1_352' title='bbox 895 4026 1066 4086; x_wconf 79' lang='lat' dir='ltr'><strong>Quint.</strong></span> <span class='ocrx_word' id='word_1_353' title='bbox 1087 4027 1158 4076; x_wconf 80' lang='lat' dir='ltr'><strong>IV</strong></span> <span class='ocrx_word' id='word_1_354' title='bbox 1185 4026 1231 4089; x_wconf 92' lang='lat'><strong>1,</strong></span> <span class='ocrx_word' id='word_1_355' title='bbox 1254 4033 1305 4078; x_wconf 93' lang='grc'><strong>58</strong></span> <span class='ocrx_word' id='word_1_356' title='bbox 1330 4044 1394 4078; x_wconf 83' lang='lat' dir='ltr'><strong>ne</strong></span> <span class='ocrx_word' id='word_1_357' title='bbox 1416 4028 1556 4092; x_wconf 89' lang='lat' dir='ltr'><strong>quod</strong></span> 
     </span>
     <span class='ocr_line' id='line_1_51' title="bbox 486 4090 1556 4153; baseline 0.006 -15"><span class='ocrx_word' id='word_1_358' title='bbox 486 4090 715 4141; x_wconf 70' lang='lat' dir='ltr'><strong>insolens</strong></span> <span class='ocrx_word' id='word_1_359' title='bbox 739 4093 980 4153; x_wconf 87' lang='lat' dir='ltr'><strong>verbum,</strong></span> <span class='ocrx_word' id='word_1_360' title='bbox 1019 4109 1082 4143; x_wconf 80' lang='lat' dir='ltr'><strong>ne</strong></span> <span class='ocrx_word' id='word_1_361' title='bbox 1105 4096 1351 4146; x_wconf 72' lang='lat' dir='ltr'><strong>audacius</strong></span> <span class='ocrx_word' id='word_1_362' title='bbox 1385 4104 1556 4146; x_wconf 75' lang='lat' dir='ltr'><strong>trans-</strong></span> 
     </span>
    </p>
   </div>
   <div class='ocr_carea' id='block_1_14' title="bbox 484 4129 1554 4214">
    <p class='ocr_par' dir='ltr' id='par_1_17' title="bbox 484 4129 1554 4214">
     <span class='ocr_line' id='line_1_52' title="bbox 484 4129 1554 4214; baseline 0.007 -11"><span class='ocrx_word' id='word_1_363' title='bbox 484 4156 667 4214; x_wconf 63' lang='lat' dir='ltr'><strong>latum,</strong></span> <span class='ocrx_word' id='word_1_364' title='bbox 716 4173 781 4205; x_wconf 88' lang='lat' dir='ltr'><strong>ne</strong></span> <span class='ocrx_word' id='word_1_365' title='bbox 812 4165 900 4208; x_wconf 85' lang='lat' dir='ltr'><strong>aut</strong></span> <span class='ocrx_word' id='word_1_366' title='bbox 936 4129 1002 4208; x_wconf 65' lang='lat' dir='ltr'><strong>a’b</strong></span> <span class='ocrx_word' id='word_1_367' title='bbox 1038 4161 1268 4210; x_wconf 84' lang='lat' dir='ltr'><strong>obsoleta</strong></span> <span class='ocrx_word' id='word_1_368' title='bbox 1301 4169 1554 4213; x_wconf 66' lang='lat' dir='ltr'><strong>vetustate</strong></span> 
     </span>
    </p>
   </div>
   <div class='ocr_carea' id='block_1_15' title="bbox 1652 2208 2729 3690">
    <p class='ocr_par' dir='ltr' id='par_1_18' title="bbox 1652 2208 2726 2462">
     <span class='ocr_line' id='line_1_53' title="bbox 1652 2208 2723 2276; baseline -0.001 -18"><span class='ocrx_word' id='word_1_369' title='bbox 1652 2218 1739 2259; x_wconf 86' lang='lat' dir='ltr'><strong>aut</strong></span> <span class='ocrx_word' id='word_1_370' title='bbox 1763 2210 1963 2276; x_wconf 79' lang='lat' dir='ltr'><strong>poetica</strong></span> <span class='ocrx_word' id='word_1_371' title='bbox 1987 2208 2190 2259; x_wconf 86' lang='lat' dir='ltr'><strong>licentia</strong></span> <span class='ocrx_word' id='word_1_372' title='bbox 2212 2218 2475 2273; x_wconf 81' lang='lat' dir='ltr'><strong>sumptum</strong></span> <span class='ocrx_word' id='word_1_373' title='bbox 2500 2208 2554 2257; x_wconf 89' lang='lat' dir='ltr'><strong>in</strong></span> <span class='ocrx_word' id='word_1_374' title='bbox 2578 2209 2723 2275; x_wconf 85' lang='lat' dir='ltr'><strong>prin—</strong></span> 
     </span>
     <span class='ocr_line' id='line_1_54' title="bbox 1654 2276 2726 2342; baseline 0.001 -17"><span class='ocrx_word' id='word_1_375' title='bbox 1654 2277 1785 2342; x_wconf 87' lang='lat' dir='ltr'><strong>cipio</strong></span> <span class='ocrx_word' id='word_1_376' title='bbox 1803 2276 2236 2342; x_wconf 77' lang='lat' dir='ltr'><strong>deprehendatur3</strong></span> <span class='ocrx_word' id='word_1_377' title='bbox 2257 2279 2474 2327; x_wconf 82' lang='lat' dir='ltr'><strong>nondum</strong></span> <span class='ocrx_word' id='word_1_378' title='bbox 2491 2281 2623 2326; x_wconf 79' lang='lat' dir='ltr'><strong>enim</strong></span> <span class='ocrx_word' id='word_1_379' title='bbox 2637 2291 2726 2326; x_wconf 77' lang='lat' dir='ltr'><strong>re-</strong></span> 
     </span>
     <span class='ocr_line' id='line_1_55' title="bbox 1654 2344 2723 2410; baseline -0.001 -14"><span class='ocrx_word' id='word_1_380' title='bbox 1654 2351 1792 2410; x_wconf 69' lang='lat' dir='ltr'><strong>cepti</strong></span> <span class='ocrx_word' id='word_1_381' title='bbox 1833 2361 2011 2395; x_wconf 82' lang='lat' dir='ltr'><strong>sumus</strong></span> <span class='ocrx_word' id='word_1_382' title='bbox 2054 2353 2103 2394; x_wconf 87' lang='lat' dir='ltr'><strong>et</strong></span> <span class='ocrx_word' id='word_1_383' title='bbox 2137 2344 2360 2395; x_wconf 86' lang='lat' dir='ltr'><strong>custodit</strong></span> <span class='ocrx_word' id='word_1_384' title='bbox 2403 2359 2498 2394; x_wconf 85' lang='lat' dir='ltr'><strong>nos</strong></span> <span class='ocrx_word' id='word_1_385' title='bbox 2540 2358 2723 2395; x_wconf 70' lang='lat' dir='ltr'><strong>recen·</strong></span> 
     </span>
     <span class='ocr_line' id='line_1_56' title="bbox 1653 2413 2220 2462; baseline -0.002 0"><span class='ocrx_word' id='word_1_386' title='bbox 1653 2413 1965 2462; x_wconf 85' lang='lat' dir='ltr'><strong>audientium</strong></span> <span class='ocrx_word' id='word_1_387' title='bbox 1992 2413 2220 2462; x_wconf 76' lang='lat' dir='ltr'><strong>intentio.</strong></span> 
     </span>
    </p>

    <p class='ocr_par' dir='ltr' id='par_1_19' title="bbox 1652 2477 2723 2679">
     <span class='ocr_line' id='line_1_57' title="bbox 1720 2477 2723 2543; baseline 0 -14"><span class='ocrx_word' id='word_1_388' title='bbox 1720 2483 1774 2530; x_wconf 79' lang='lat' dir='ltr'><strong>in</strong></span> <span class='ocrx_word' id='word_1_389' title='bbox 1798 2482 2055 2535; x_wconf 79' lang='lat' dir='ltr'><strong>oratione,</strong></span> <span class='ocrx_word' id='word_1_390' title='bbox 2092 2480 2207 2529; x_wconf 81' lang='lat' dir='ltr'><strong>dem</strong></span> <span class='ocrx_word' id='word_1_391' title='bbox 2245 2477 2579 2543; x_wconf 82' lang='lat' dir='ltr'><strong>Redekampi&#39;.</strong></span> <span class='ocrx_word' id='word_1_392' title='bbox 2629 2480 2723 2538; x_wconf 68' lang='grc' dir='ltr'><strong>υἷε,</strong></span> 
     </span>
     <span class='ocr_line' id='line_1_58' title="bbox 1653 2545 2724 2612; baseline 0 -16"><span class='ocrx_word' id='word_1_393' title='bbox 1653 2546 1765 2596; x_wconf 83' lang='lat' dir='ltr'><strong>hier</strong></span> <span class='ocrx_word' id='word_1_394' title='bbox 1807 2545 2081 2612; x_wconf 82' lang='lat' dir='ltr'><strong>physische</strong></span> <span class='ocrx_word' id='word_1_395' title='bbox 2116 2546 2257 2596; x_wconf 74' lang='lat' dir='ltr'><strong>Krart</strong></span> <span class='ocrx_word' id='word_1_396' title='bbox 2298 2547 2404 2595; x_wconf 87' lang='lat' dir='ltr'><strong>und</strong></span> <span class='ocrx_word' id='word_1_397' title='bbox 2449 2546 2589 2595; x_wconf 84' lang='lat' dir='ltr'><strong>daun</strong></span> <span class='ocrx_word' id='word_1_398' title='bbox 2632 2548 2724 2596; x_wconf 72' lang='lat' dir='ltr'><strong>de-</strong></span> 
     </span>
     <span class='ocr_line' id='line_1_59' title="bbox 1652 2611 2370 2679; baseline -0.004 -14"><span class='ocrx_word' id='word_1_399' title='bbox 1652 2618 1858 2665; x_wconf 80' lang='lat' dir='ltr'><strong>lectatio</strong></span> <span class='ocrx_word' id='word_1_400' title='bbox 1882 2615 2127 2679; x_wconf 82' lang='lat' dir='ltr'><strong>geistiger</strong></span> <span class='ocrx_word' id='word_1_401' title='bbox 2152 2611 2370 2663; x_wconf 80' lang='lat' dir='ltr'><strong>Genuss.</strong></span> 
     </span>
    </p>

    <p class='ocr_par' dir='ltr' id='par_1_20' title="bbox 1653 2675 2725 2934">
     <span class='ocr_line' id='line_1_60' title="bbox 1721 2675 2725 2747; baseline -0.001 -16"><span class='ocrx_word' id='word_1_402' title='bbox 1721 2698 1821 2732; x_wconf 83' lang='lat' dir='ltr'><strong>non</strong></span> <span class='ocrx_word' id='word_1_403' title='bbox 1853 2683 2023 2747; x_wconf 71' lang='lat' dir='ltr'><strong>potius</strong></span> <span class='ocrx_word' id='word_1_404' title='bbox 2054 2697 2228 2747; x_wconf 81' lang='lat' dir='ltr'><strong>quam,</strong></span> <span class='ocrx_word' id='word_1_405' title='bbox 2278 2675 2309 2746; x_wconf 79' lang='lat' dir='ltr'>S</span> <span class='ocrx_word' id='word_1_406' title='bbox 2345 2678 2460 2731; x_wconf 80' lang='lat'><strong>126.</strong></span> <span class='ocrx_word' id='word_1_407' title='bbox 2520 2680 2634 2729; x_wconf 88' lang='lat' dir='ltr'><strong>Div.</strong></span> <span class='ocrx_word' id='word_1_408' title='bbox 2669 2681 2725 2730; x_wconf 85' lang='lat' dir='ltr'><strong>in</strong></span> 
     </span>
     <span class='ocr_line' id='line_1_61' title="bbox 1655 2748 2727 2814; baseline -0.002 -15"><span class='ocrx_word' id='word_1_409' title='bbox 1655 2748 1803 2799; x_wconf 85' lang='lat' dir='ltr'><strong>Caec.</strong></span> <span class='ocrx_word' id='word_1_410' title='bbox 1827 2750 1879 2814; x_wconf 84' lang='lat'><strong>2,</strong></span> <span class='ocrx_word' id='word_1_411' title='bbox 1906 2760 1930 2799; x_wconf 88' lang='lat'><strong>5</strong></span> <span class='ocrx_word' id='word_1_412' title='bbox 1953 2748 2080 2798; x_wconf 85' lang='lat' dir='ltr'><strong>haec</strong></span> <span class='ocrx_word' id='word_1_413' title='bbox 2104 2749 2359 2797; x_wconf 80' lang='lat' dir='ltr'><strong>accusatio</strong></span> <span class='ocrx_word' id='word_1_414' title='bbox 2381 2762 2493 2796; x_wconf 88' lang='lat' dir='ltr'><strong>mea</strong></span> <span class='ocrx_word' id='word_1_415' title='bbox 2512 2762 2614 2796; x_wconf 89' lang='lat' dir='ltr'><strong>non</strong></span> <span class='ocrx_word' id='word_1_416' title='bbox 2633 2762 2727 2812; x_wconf 89' lang='lat' dir='ltr'><strong>po-</strong></span> 
     </span>
     <span class='ocr_line' id='line_1_62' title="bbox 1653 2814 2728 2879; baseline -0.003 -13"><span class='ocrx_word' id='word_1_417' title='bbox 1653 2817 1756 2866; x_wconf 86' lang='lat' dir='ltr'><strong>tius</strong></span> <span class='ocrx_word' id='word_1_418' title='bbox 1774 2817 2030 2865; x_wconf 83' lang='lat' dir='ltr'><strong>accusatio</strong></span> <span class='ocrx_word' id='word_1_419' title='bbox 2043 2830 2194 2879; x_wconf 89' lang='lat' dir='ltr'><strong>quam</strong></span> <span class='ocrx_word' id='word_1_420' title='bbox 2208 2814 2440 2864; x_wconf 81' lang='lat' dir='ltr'><strong>defensio</strong></span> <span class='ocrx_word' id='word_1_421' title='bbox 2459 2825 2536 2864; x_wconf 80' lang='lat' dir='ltr'><strong>est</strong></span> <span class='ocrx_word' id='word_1_422' title='bbox 2547 2815 2728 2864; x_wconf 81' lang='lat' dir='ltr'><strong>existi·</strong></span> 
     </span>
     <span class='ocr_line' id='line_1_63' title="bbox 1654 2882 2581 2934; baseline -0.002 0"><span class='ocrx_word' id='word_1_423' title='bbox 1654 2884 1860 2934; x_wconf 81' lang='lat' dir='ltr'><strong>manda.</strong></span> <span class='ocrx_word' id='word_1_424' title='bbox 1909 2884 2112 2933; x_wconf 81' lang='lat' dir='ltr'><strong>Andere</strong></span> <span class='ocrx_word' id='word_1_425' title='bbox 2138 2883 2224 2932; x_wconf 84' lang='lat' dir='ltr'><strong>Hs.</strong></span> <span class='ocrx_word' id='word_1_426' title='bbox 2250 2882 2445 2932; x_wconf 89' lang='lat' dir='ltr'><strong>haben·</strong></span> <span class='ocrx_word' id='word_1_427' title='bbox 2468 2884 2581 2932; x_wconf 73' lang='lat' dir='ltr'><strong>sed.</strong></span> 
     </span>
    </p>

    <p class='ocr_par' dir='ltr' id='par_1_21' title="bbox 1654 2949 2727 3285">
     <span class='ocr_line' id='line_1_64' title="bbox 1723 2949 2727 3017; baseline -0.002 -16"><span class='ocrx_word' id='word_1_428' title='bbox 1723 2952 2022 3017; x_wconf 76' lang='lat' dir='ltr'><strong>denique—</strong></span> <span class='ocrx_word' id='word_1_429' title='bbox 1958 2952 2132 2999; x_wconf 85' lang='lat' dir='ltr'><strong>—der</strong></span> <span class='ocrx_word' id='word_1_430' title='bbox 2151 2951 2303 2999; x_wconf 83' lang='lat' dir='ltr'><strong>letzte</strong></span> <span class='ocrx_word' id='word_1_431' title='bbox 2315 2950 2491 3001; x_wconf 82' lang='lat' dir='ltr'><strong>Grund</strong></span> <span class='ocrx_word' id='word_1_432' title='bbox 2513 2949 2599 2999; x_wconf 59' lang='lat' dir='ltr'><strong>fiir</strong></span> <span class='ocrx_word' id='word_1_433' title='bbox 2623 2951 2727 2999; x_wconf 78' lang='lat' dir='ltr'><strong>deu</strong></span> 
     </span>
     <span class='ocr_line' id='line_1_65' title="bbox 1656 3016 2722 3084; baseline -0.001 -16"><span class='ocrx_word' id='word_1_434' title='bbox 1656 3018 2131 3084; x_wconf 84' lang='lat' dir='ltr'><strong>praparatorischen</strong></span> <span class='ocrx_word' id='word_1_435' title='bbox 2160 3016 2437 3067; x_wconf 71' lang='lat' dir='ltr'><strong>Chat-ahter</strong></span> <span class='ocrx_word' id='word_1_436' title='bbox 2468 3017 2561 3066; x_wconf 86' lang='lat' dir='ltr'><strong>des</strong></span> <span class='ocrx_word' id='word_1_437' title='bbox 2595 3031 2722 3083; x_wconf 89' lang='lat' dir='ltr'><strong>pro-</strong></span> 
     </span>
     <span class='ocr_line' id='line_1_66' title="bbox 1657 3084 2726 3149; baseline -0.002 -13"><span class='ocrx_word' id='word_1_438' title='bbox 1657 3101 1788 3136; x_wconf 87' lang='lat' dir='ltr'><strong>oem</strong></span> <span class='ocrx_word' id='word_1_439' title='bbox 1814 3086 1939 3135; x_wconf 83' lang='lat' dir='ltr'><strong>wird</strong></span> <span class='ocrx_word' id='word_1_440' title='bbox 1976 3099 2072 3135; x_wconf 88' lang='lat' dir='ltr'><strong>von</strong></span> <span class='ocrx_word' id='word_1_441' title='bbox 2108 3086 2226 3134; x_wconf 90' lang='lat' dir='ltr'><strong>dem</strong></span> <span class='ocrx_word' id='word_1_442' title='bbox 2256 3084 2588 3149; x_wconf 85' lang='lat' dir='ltr'><strong>allgemeineu</strong></span> <span class='ocrx_word' id='word_1_443' title='bbox 2621 3085 2726 3135; x_wconf 83' lang='lat' dir='ltr'><strong>Na·-</strong></span> 
     </span>
     <span class='ocr_line' id='line_1_67' title="bbox 1654 3151 2727 3218; baseline -0.001 -15"><span class='ocrx_word' id='word_1_444' title='bbox 1654 3162 1911 3218; x_wconf 79' lang='lat' dir='ltr'><strong>turgesetz</strong></span> <span class='ocrx_word' id='word_1_445' title='bbox 1930 3151 2277 3203; x_wconf 70' lang='grc' dir='ltr'>ιιΠιιιᾶΙιΙίοΙιει·</span> <span class='ocrx_word' id='word_1_446' title='bbox 2292 3152 2595 3217; x_wconf 75' lang='lat' dir='ltr'><strong>Entfaltung</strong></span> <span class='ocrx_word' id='word_1_447' title='bbox 2617 3152 2727 3202; x_wconf 86' lang='lat' dir='ltr'><strong>und</strong></span> 
     </span>
     <span class='ocr_line' id='line_1_68' title="bbox 1654 3218 2313 3285; baseline -0.002 -15"><span class='ocrx_word' id='word_1_448' title='bbox 1654 3221 2043 3285; x_wconf 77' lang='lat' dir='ltr'><strong>Entwickelung</strong></span> <span class='ocrx_word' id='word_1_449' title='bbox 2068 3218 2313 3269; x_wconf 84' lang='lat' dir='ltr'><strong>entlehnt.</strong></span> 
     </span>
    </p>

    <p class='ocr_par' dir='ltr' id='par_1_22' title="bbox 1653 3284 2728 3488">
     <span class='ocr_line' id='line_1_69' title="bbox 1724 3284 2725 3349; baseline -0.003 -10"><span class='ocrx_word' id='word_1_450' title='bbox 1724 3289 1866 3339; x_wconf 70' lang='lat' dir='ltr'><strong>Nihil</strong></span> <span class='ocrx_word' id='word_1_451' title='bbox 1888 3295 1967 3338; x_wconf 76' lang='lat' dir='ltr'><strong>est</strong></span> <span class='ocrx_word' id='word_1_452' title='bbox 1989 3295 2085 3339; x_wconf 84' lang='lat' dir='ltr'><strong>ete.</strong></span> <span class='ocrx_word' id='word_1_453' title='bbox 2121 3285 2369 3336; x_wconf 83' lang='lat' dir='ltr'><strong>Aehnlich</strong></span> <span class='ocrx_word' id='word_1_454' title='bbox 2395 3286 2537 3336; x_wconf 85' lang='lat' dir='ltr'><strong>Brut.</strong></span> <span class='ocrx_word' id='word_1_455' title='bbox 2565 3284 2650 3349; x_wconf 87' lang='lat'><strong>18,</strong></span> <span class='ocrx_word' id='word_1_456' title='bbox 2673 3295 2725 3336; x_wconf 79' lang='lat'><strong>71</strong></span> 
     </span>
     <span class='ocr_line' id='line_1_70' title="bbox 1658 3354 2728 3405; baseline -0.002 0"><span class='ocrx_word' id='word_1_457' title='bbox 1658 3355 1780 3405; x_wconf 87' lang='lat' dir='ltr'><strong>nihil</strong></span> <span class='ocrx_word' id='word_1_458' title='bbox 1816 3363 1893 3405; x_wconf 80' lang='lat' dir='ltr'><strong>est</strong></span> <span class='ocrx_word' id='word_1_459' title='bbox 1925 3356 2060 3404; x_wconf 88' lang='lat' dir='ltr'><strong>enim</strong></span> <span class='ocrx_word' id='word_1_460' title='bbox 2092 3355 2247 3404; x_wconf 87' lang='lat' dir='ltr'><strong>simul</strong></span> <span class='ocrx_word' id='word_1_461' title='bbox 2279 3361 2330 3403; x_wconf 87' lang='lat' dir='ltr'><strong>et</strong></span> <span class='ocrx_word' id='word_1_462' title='bbox 2373 3354 2640 3403; x_wconf 84' lang='lat' dir='ltr'><strong>inventum</strong></span> <span class='ocrx_word' id='word_1_463' title='bbox 2675 3361 2728 3403; x_wconf 79' lang='lat' dir='ltr'><strong>et</strong></span> 
     </span>
     <span class='ocr_line' id='line_1_71' title="bbox 1653 3421 1952 3488; baseline 0 -16"><span class='ocrx_word' id='word_1_464' title='bbox 1653 3421 1952 3488; x_wconf 81' lang='lat' dir='ltr'><strong>perfectum.</strong></span> 
     </span>
    </p>

    <p class='ocr_par' dir='ltr' id='par_1_23' title="bbox 1653 3488 2729 3690">
     <span class='ocr_line' id='line_1_72' title="bbox 1719 3488 2726 3554; baseline -0.001 -14"><span class='ocrx_word' id='word_1_465' title='bbox 1719 3507 1777 3541; x_wconf 68' lang='lat' dir='ltr'><strong>ae</strong></span> <span class='ocrx_word' id='word_1_466' title='bbox 1799 3491 2080 3540; x_wconf 75' lang='lat' dir='ltr'><strong>universum</strong></span> <span class='ocrx_word' id='word_1_467' title='bbox 2098 3489 2418 3554; x_wconf 79' lang='lat' dir='ltr'><strong>profundat,</strong></span> <span class='ocrx_word' id='word_1_468' title='bbox 2442 3488 2726 3553; x_wconf 78' lang='lat' dir='ltr'><strong>gleichsam</strong></span> 
     </span>
     <span class='ocr_line' id='line_1_73' title="bbox 1653 3555 2729 3622; baseline -0.002 -15"><span class='ocrx_word' id='word_1_469' title='bbox 1653 3559 1830 3607; x_wconf 86' lang='lat' dir='ltr'><strong>seinen</strong></span> <span class='ocrx_word' id='word_1_470' title='bbox 1850 3569 2047 3622; x_wconf 78' lang='lat' dir='ltr'><strong>ganzen</strong></span> <span class='ocrx_word' id='word_1_471' title='bbox 2059 3555 2424 3606; x_wconf 84' lang='lat' dir='ltr'><strong>Lebensinhalt</strong></span> <span class='ocrx_word' id='word_1_472' title='bbox 2440 3558 2492 3604; x_wconf 88' lang='lat' dir='ltr'><strong>in</strong></span> <span class='ocrx_word' id='word_1_473' title='bbox 2511 3557 2729 3621; x_wconf 75' lang='lat' dir='ltr'><strong>voltiger</strong></span> 
     </span>
     <span class='ocr_line' id='line_1_74' title="bbox 1655 3623 2727 3690; baseline -0.002 -15"><span class='ocrx_word' id='word_1_474' title='bbox 1655 3625 2015 3690; x_wconf 71' lang='lat' dir='ltr'><strong>Erschopi&#39;ung</strong></span> <span class='ocrx_word' id='word_1_475' title='bbox 2061 3624 2333 3674; x_wconf 84' lang='lat' dir='ltr'><strong>desselben</strong></span> <span class='ocrx_word' id='word_1_476' title='bbox 2389 3623 2483 3674; x_wconf 77' lang='lat' dir='ltr'><strong>aui*</strong></span> <span class='ocrx_word' id='word_1_477' title='bbox 2538 3624 2727 3673; x_wconf 86' lang='lat' dir='ltr'><strong>einmal</strong></span> 
     </span>
    </p>
   </div>
   <div class='ocr_carea' id='block_1_16' title="bbox 1649 3691 1968 3743">
    <p class='ocr_par' dir='ltr' id='par_1_24' title="bbox 1649 3691 1968 3743">
     <span class='ocr_line' id='line_1_75' title="bbox 1649 3691 1968 3743; baseline 0 -2"><span class='ocrx_word' id='word_1_478' title='bbox 1649 3691 1968 3743; x_wconf 56' lang='lat' dir='ltr'><strong>&#39;ausschuttffl</strong></span> 
     </span>
    </p>
   </div>
   <div class='ocr_carea' id='block_1_17' title="bbox 1655 3756 2727 4213">
    <p class='ocr_par' dir='ltr' id='par_1_25' title="bbox 1655 3756 2727 4213">
     <span class='ocr_line' id='line_1_76' title="bbox 1725 3756 2725 3822; baseline -0.002 -13"><span class='ocrx_word' id='word_1_479' title='bbox 1725 3766 1877 3811; x_wconf 74' lang='lat' dir='ltr'><strong>totum</strong></span> <span class='ocrx_word' id='word_1_480' title='bbox 1921 3765 2136 3822; x_wconf 69' lang='lat' dir='ltr'><strong>repente</strong></span> <span class='ocrx_word' id='word_1_481' title='bbox 2183 3760 2371 3814; x_wconf 81' lang='lat' dir='ltr'><strong>evolet,</strong></span> <span class='ocrx_word' id='word_1_482' title='bbox 2422 3756 2556 3808; x_wconf 88' lang='lat' dir='ltr'><strong>ohne</strong></span> <span class='ocrx_word' id='word_1_483' title='bbox 2603 3758 2725 3807; x_wconf 83' lang='lat' dir='ltr'><strong>dass</strong></span> 
     </span>
     <span class='ocr_line' id='line_1_77' title="bbox 1655 3824 2726 3889; baseline -0.003 -13"><span class='ocrx_word' id='word_1_484' title='bbox 1655 3841 1774 3877; x_wconf 86' lang='lat' dir='ltr'><strong>man</strong></span> <span class='ocrx_word' id='word_1_485' title='bbox 1800 3836 1957 3877; x_wconf 82' lang='lat' dir='ltr'><strong>etwas</strong></span> <span class='ocrx_word' id='word_1_486' title='bbox 1979 3828 2169 3881; x_wconf 80' lang='lat' dir='ltr'><strong>merkt.</strong></span> <span class='ocrx_word' id='word_1_487' title='bbox 2194 3827 2289 3874; x_wconf 86' lang='lat' dir='ltr'><strong>mit</strong></span> <span class='ocrx_word' id='word_1_488' title='bbox 2314 3826 2482 3875; x_wconf 80' lang='lat' dir='ltr'><strong>einem</strong></span> <span class='ocrx_word' id='word_1_489' title='bbox 2506 3824 2726 3889; x_wconf 77' lang='lat' dir='ltr'><strong>Schlage</strong></span> 
     </span>
     <span class='ocr_line' id='line_1_78' title="bbox 1656 3892 2727 3959; baseline -0.002 -15"><span class='ocrx_word' id='word_1_490' title='bbox 1656 3896 1709 3944; x_wconf 89' lang='lat' dir='ltr'><strong>in</strong></span> <span class='ocrx_word' id='word_1_491' title='bbox 1734 3895 1902 3944; x_wconf 87' lang='lat' dir='ltr'><strong>seiner</strong></span> <span class='ocrx_word' id='word_1_492' title='bbox 1919 3909 2116 3959; x_wconf 82' lang='lat' dir='ltr'><strong>ganzen</strong></span> <span class='ocrx_word' id='word_1_493' title='bbox 2135 3892 2275 3943; x_wconf 85' lang='lat' dir='ltr'><strong>Fiille</strong></span> <span class='ocrx_word' id='word_1_494' title='bbox 2295 3893 2386 3942; x_wconf 82' lang='lat' dir='ltr'><strong>der</strong></span> <span class='ocrx_word' id='word_1_495' title='bbox 2398 3893 2727 3956; x_wconf 81' lang='lat' dir='ltr'><strong>Vollendung</strong></span> 
     </span>
     <span class='ocr_line' id='line_1_79' title="bbox 1656 3959 2722 4012; baseline -0.004 0"><span class='ocrx_word' id='word_1_496' title='bbox 1656 3976 1749 4012; x_wconf 81' lang='lat' dir='ltr'><strong>ans</strong></span> <span class='ocrx_word' id='word_1_497' title='bbox 1782 3961 1930 4010; x_wconf 83' lang='lat' dir='ltr'><strong>Licht</strong></span> <span class='ocrx_word' id='word_1_498' title='bbox 1962 3969 2107 4011; x_wconf 84' lang='lat' dir='ltr'><strong>trete.</strong></span> <span class='ocrx_word' id='word_1_499' title='bbox 2179 3960 2312 4011; x_wconf 78' lang='lat' dir='ltr'><strong>Statt</strong></span> <span class='ocrx_word' id='word_1_500' title='bbox 2355 3960 2522 4009; x_wconf 84' lang='lat' dir='ltr'><strong>evolet</strong></span> <span class='ocrx_word' id='word_1_501' title='bbox 2556 3959 2722 4008; x_wconf 84' lang='lat' dir='ltr'><strong>haben</strong></span> 
     </span>
     <span class='ocr_line' id='line_1_80' title="bbox 1657 4024 2724 4090; baseline -0.002 -12"><span class='ocrx_word' id='word_1_502' title='bbox 1657 4030 1747 4078; x_wconf 87' lang='lat' dir='ltr'><strong>der</strong></span> <span class='ocrx_word' id='word_1_503' title='bbox 1770 4029 1977 4077; x_wconf 85' lang='lat' dir='ltr'><strong>Abrinc.</strong></span> <span class='ocrx_word' id='word_1_504' title='bbox 2003 4044 2054 4078; x_wconf 89' lang='lat' dir='ltr'><strong>u.</strong></span> <span class='ocrx_word' id='word_1_505' title='bbox 2081 4028 2182 4077; x_wconf 85' lang='lat' dir='ltr'><strong>Erl.</strong></span> <span class='ocrx_word' id='word_1_506' title='bbox 2209 4030 2230 4077; x_wconf 91' lang='lat'>1</span> <span class='ocrx_word' id='word_1_507' title='bbox 2255 4024 2377 4090; x_wconf 85' lang='lat' dir='ltr'><strong>(mit</strong></span> <span class='ocrx_word' id='word_1_508' title='bbox 2400 4028 2594 4077; x_wconf 86' lang='lat' dir='ltr'><strong>andern</strong></span> <span class='ocrx_word' id='word_1_509' title='bbox 2605 4025 2724 4090; x_wconf 81' lang='lat' dir='ltr'><strong>Hs.)</strong></span> 
     </span>
     <span class='ocr_line' id='line_1_81' title="bbox 1658 4093 2725 4159; baseline 0 -16"><span class='ocrx_word' id='word_1_510' title='bbox 1658 4095 1875 4156; x_wconf 84' lang='lat' dir='ltr'><strong>evolvat,</strong></span> <span class='ocrx_word' id='word_1_511' title='bbox 1900 4109 2046 4145; x_wconf 82' lang='lat' dir='ltr'><strong>wozu</strong></span> <span class='ocrx_word' id='word_1_512' title='bbox 2070 4111 2164 4144; x_wconf 86' lang='lat' dir='ltr'><strong>aus</strong></span> <span class='ocrx_word' id='word_1_513' title='bbox 2189 4095 2306 4144; x_wconf 88' lang='lat' dir='ltr'><strong>dem</strong></span> <span class='ocrx_word' id='word_1_514' title='bbox 2330 4093 2725 4159; x_wconf 81' lang='lat' dir='ltr'><strong>Vorhergehen-</strong></span> 
     </span>
     <span class='ocr_line' id='line_1_82' title="bbox 1656 4160 2722 4213; baseline -0.001 -1"><span class='ocrx_word' id='word_1_515' title='bbox 1656 4162 1755 4212; x_wconf 80' lang='lat' dir='ltr'><strong>den</strong></span> <span class='ocrx_word' id='word_1_516' title='bbox 1780 4176 1838 4211; x_wconf 80' lang='lat' dir='ltr'><strong>se</strong></span> <span class='ocrx_word' id='word_1_517' title='bbox 1864 4178 1927 4212; x_wconf 81' lang='lat' dir='ltr'><strong>zu</strong></span> <span class='ocrx_word' id='word_1_518' title='bbox 1947 4162 2165 4212; x_wconf 84' lang='lat' dir='ltr'><strong>nehmen</strong></span> <span class='ocrx_word' id='word_1_519' title='bbox 2183 4164 2342 4211; x_wconf 58' lang='lat' dir='ltr'><strong>wire}</strong></span> <span class='ocrx_word' id='word_1_520' title='bbox 2367 4160 2475 4211; x_wconf 84' lang='lat' dir='ltr'><strong>sich</strong></span> <span class='ocrx_word' id='word_1_521' title='bbox 2497 4160 2722 4213; x_wconf 75' lang='lat' dir='ltr'><strong>entfalte.</strong></span> 
     </span>
    </p>
   </div>
   <div class='ocr_carea' id='block_1_18' title="bbox 2912 2588 2919 4127">
    <p class='ocr_par' dir='ltr' id='par_1_26' title="bbox 2912 2588 2919 4127">
     <span class='ocr_line' id='line_1_83' title="bbox 2912 2588 2919 4127; baseline 0 0"><span class='ocrx_word' id='word_1_522' title='bbox 2912 2588 2919 4127; x_wconf 95' lang='lat' dir='ltr'><strong> </strong></span> 
     </span>
    </p>
   </div>
  </div>
 </body>
</html>
