2930 4693
856 241 954 305 DE
987 238 1346 305 oRAToRE
1375 241 1400 304 1
1433 242 1492 304 3.
1528 198 1764 304 10-212.
2387 244 2428 308 9

202 412 425 475 ratione
467 410 1051 491 comprehenderint.
1123 411 1266 483 Quis
1295 412 1560 491 ignorat,
1606 413 1690 484 ei,
1736 414 1837 492 qui
1878 412 2280 475 mathematici
2320 429 2419 471 vo·
2453 418 2521 471 10

204 503 436 566 cantur,
484 505 700 575 quanta
741 497 805 557 in
852 495 1212 558 obscuritate
1241 515 1446 558 rerum
1479 504 1537 558 et
1567 517 1742 578 quam
1775 496 2084 559 recondita
2112 499 2176 557 in
2207 503 2334 559 arte
2365 504 2427 557 et

201 580 507 662 multiplici
548 580 866 661 subtilique
910 583 1258 642 versentur?
1336 582 1465 654 Quo
1518 589 1720 643 tamen
1770 584 1833 642 in
1877 600 2096 661 genere
2136 584 2218 645 ita
2259 580 2429 643 multi

200 666 445 746 perfecti
486 667 755 727 homines
801 668 1179 737 exstiterunt,
1225 674 1291 728 ut
1331 684 1507 728 nemo
1549 668 1676 728 fere
1720 667 2012 729 studuisse
2054 669 2108 727 ei
2150 668 2430 728 scientia'e

201 751 605 812 vehementius
661 750 925 813 videatur
948 798 964 821 ,
1025 754 1168 832 quin
1222 753 1379 832 quod
1433 751 1687 814 voluerit
1728 759 2080 814 consecutus
2121 753 2214 813 sit.
2286 751 2430 823 Quis

200 837 451 907 musiciS‚
484 838 618 916 quis
645 836 783 897 huic
813 837 1007 898 studio
1035 836 1386 907 litterarum,
1419 838 1578 917 quod
1607 838 1964 917 profitentur
1994 838 2065 907 ei,
2098 838 2201 917 qui
2230 853 2426 915 gram-

200 922 391 983 matici
426 927 732 992 vocantur,
771 923 1007 1001 penitus
1030 939 1094 982 se
1118 921 1294 990 dedit,
1321 923 1463 1002 quin
1478 941 1717 984 omnem
1738 921 1972 984 illarum
2001 923 2216 983 artium
2241 937 2431 1000 paene

198 1006 485 1067 infinitam
527 1008 644 1066 vim
685 1013 744 1067 et
784 1008 1091 1068 materiem
1122 1008 1369 1067 scientia
1399 1013 1458 1067 et
1489 1009 1828 1086 cognitione
1872 1005 2430 1087 comprehenderit?

200 1089 343 1151 Vere
371 1091 524 1152 mihi
553 1091 667 1152 hoc
695 1091 899 1152 videor
930 1109 1058 1152 esse
1088 1091 1380 1164 dicturuS,
1427 1111 1500 1153 ex
1530 1091 1805 1154 omnibus
1835 1094 1949 1164 eiS,
1993 1094 2094 1172 qui
2121 1093 2185 1151 in
2215 1092 2426 1152 harum·

200 1177 407 1237 artium
439 1175 652 1238 studiis
680 1175 1110 1259 liberalissimis
1139 1178 1258 1237 sint
1287 1176 1690 1257 doctrinisque
1719 1179 1961 1249 versati,
1994 1178 2297 1237 minimam
2331 1193 2432 1237 co·

2475 1098 2537 1151 11

199 1261 347 1339 piam
376 1266 695 1341 potitarum
727 1263 1103 1340 egregiorum
1136 1263 1445 1324 exstitisse.
1534 1263 1723 1342 Atque
1765 1264 1827 1322 in
1857 1263 1971 1323 hoc
2001 1264 2130 1341 ipso
2163 1256 2428 1330 numero,
2491 1296 2500 1303 -

197 1346 256 1405 in
283 1364 400 1426 quo
443 1364 696 1426 perraro
738 1349 1001 1407 exoritur
1047 1345 1257 1427 aliquis
1297 1346 1624 1418 excellenS,
1672 1348 1722 1408 si
1763 1346 2078 1426 diligenter
2121 1354 2282 1408 etex
2325 1364 2430 1406 no-

200 1437 453 1492 strorum
509 1441 568 1492 et
621 1450 693 1492 ex
723 1431 1086 1493 Graecorum
1131 1433 1299 1511 copia
1353 1450 1700 1512 comparare
1750 1431 1939 1504 voleS,
1994 1430 2183 1497 multo
2233 1438 2433 1491 tamen

199 1517 507 1594 pauciores
536 1523 804 1577 oratores
833 1534 1009 1597 quam
1038 1521 1251 1596 poetae
1280 1516 1421 1578 boni
1451 1518 1846 1597 reperientur.
1907 1516 2078 1588 Quod
2107 1516 2221 1578 hoc
2253 1517 2426 1576 etiam

199 1600 525 1662 mirabilius
555 1599 732 1661 debet
759 1600 963 1673 videri,
999 1602 1131 1681 quia
1165 1608 1498 1663 ceterarum
1530 1603 1742 1662 artium
1775 1601 1966 1662 studia
1997 1600 2123 1660 fere
2154 1598 2426 1662 recondi-

200 1686 268 1745 tis
296 1692 476 1766 atque
508 1685 724 1746 abditis
751 1685 1016 1747 fontibus
1045 1686 1425 1758 hauriuntur,
1472 1685 1708 1747 dicendi
1740 1693 1937 1747 autem
1968 1687 2160 1746 omnis
2189 1685 2341 1745 ratio
2370 1684 2433 1744 in

199 1769 388 1833 medio
429 1772 624 1852 posita
668 1773 968 1833 communi
1006 1771 1262 1852 quodam
1302 1774 1365 1833 in
1395 1790 1508 1834 usu
1536 1779 1713 1852 atque
1742 1773 1806 1833 in
1836 1771 2148 1832 hominum
2176 1787 2345 1831 more
2377 1775 2436 1828 et

199 1938 396 1990 Redner
430 1940 516 1990 die
540 1941 763 1990 inventio
789 1939 1122 2007 entem-ioht),
1164 1941 1267 1991 und

202 2022 328 2057 zwar
348 2009 751 2059 unverkennbar
767 2008 956 2059 wieder
977 2010 1071 2058 mit
1089 2009 1266 2058 Bezie-

200 2074 338 2141 hung·
358 2076 459 2126 auf
478 2077 578 2127 den
590 2075 876 2142 Gegensatz
901 2078 991 2126 der
1016 2093 1058 2127 s.
1074 2091 1126 2142 g.
1142 2078 1266 2142 dog-

199 2144 498 2205 matischen,
523 2144 617 2194 auf
636 2146 729 2195 das
754 2144 1263 2210 fertigeWissen

1401 1941 1517 1991 huic
1524 1943 1694 1993 studio
1706 1944 2004 2001 litter-arunt,
2021 1940 2113 1991 das
2126 1941 2283 1991 deren
2300 1937 2435 1990 Fach

1367 2008 1461 2073 ist,
1493 2010 1575 2060 die
1608 2010 1924 2075 grammatici
1948 2009 2181 2068 heissen,
2208 2023 2313 2057 was
2345 2008 2438 2056 wir

1368 2078 1622 2142 ungel'iihr
1637 2078 1925 2144 Philologie
1949 2093 2150 2127 nennen
2177 2073 2303 2141 (wie
2326 2074 2435 2125 sich

1338 2148 1345 2153 '
1367 2146 1500 2195 denn
1531 2146 1620 2195 der
1632 2147 2005 2197 Grammatiker
2015 2146 2194 2194 Ateius
2219 2143 2436 2208 gerade-

202 2211 464 2277 (scientia)
485 2213 750 2263 zielenden
762 2214 1020 2283 Ricbtung
1043 2213 1133 2263 der
1149 2212 1266 2278 phi—

201 2278 557 2346 iosophischen
580 2280 1084 2331 Erkenntnistheorie
1110 2280 1183 2345 (z.
1204 2280 1261 2329 B.

203 2348 286 2397 der
314 2346 544 2414 Stoiker)
589 2350 696 2400 und
738 2350 828 2400 der
868 2350 1264 2399 neu-akademi-

202 2415 353 2466 schen
381 2417 645 2483 Richtung·
677 2417 767 2467 der
799 2417 1005 2468 blossen
1039 2417 1262 2468 Unter·

202 2499 226 2533 s
245 2484 496 2552 uehung
520 2487 625 2535 und
650 2486 740 2535 des
759 2485 1092 2536 Erforschens
1118 2482 1264 2550 (per-

203 2552 520 2619 vestigatio);
541 2554 979 2604 disserendiratio
998 2554 1108 2618 gibt
1127 2559 1263 2603 dann

203 2620 280 2670 die
301 2621 599 2686 Thatigkeit
632 2622 723 2671 des
749 2621 1095 2687 Philosophen
1132 2621 1263 2670 nach

202 2686 330 2739 ihrer
352 2689 516 2739 form
530 2689 694 2738 ellen
720 2688 859 2739 Seite
881 2705 963 2750 an,
991 2689 1072 2738 die
1094 2689 1264 2755 philo-

202 2756 1270 2891 {33332313‘3232332333ditetis}

203 2890 318 2956 (der
364 2892 716 2943 oratorischen
763 2893 981 2943 elocutio
1030 2900 1268 2959 entspre—

204 2960 405 3023 cheud).
456 2961 538 3011 Or.
565 2960 656 3023 32,
686 2969 760 3011 113
793 2962 1109 3023 Quamquam
1129 2962 1267 3012 aliud

202 3028 404 3079 videtur
437 3030 595 3079 oratio
622 3044 761 3091 esse,
797 3029 935 3078 aliud
969 3030 1262 3095 disputatiO,

204 3109 294 3145 nec
322 3097 469 3147 «idem
494 3097 635 3159 loqui
662 3112 777 3147 esse
812 3097 951 3159 quod
975 3098 1169 3158 dicere,
1206 3112 1266 3148 ac
1297 3142 1301 3145 ,

202 3172 369 3215 tamen
411 3173 686 3230 utrumque
725 3166 779 3215 in
821 3167 1122 3216 disserendo
1171 3172 1264 3226 est,

203 3232 501 3299 disputandi
530 3234 659 3283 ratio
696 3240 744 3282 et
777 3233 1016 3297 loquendi
1041 3233 1268 3284 dialecti-

204 3314 379 3351 corum
406 3302 487 3362 sit,
514 3308 769 3352 oratorum
794 3311 965 3351 autem
990 3302 1192 3352 dicendi
1218 3308 1270 3349 et

203 3370 401 3419 orandi.
451 3385 495 3420 s.
521 3371 571 3423 d.
598 3370 717 3422 ktit.
745 3370 983 3435 Anhang.

269 3447 337 3488 10.
372 3440 640 3488 recondita
674 3438 770 3486 wie
794 3439 925 3488 oben
949 3438 979 3499 5
997 3435 1030 3486 8
1051 3452 1153 3487 von
1181 3437 1271 3487 der

202 3505 492 3555 abstracten
523 3505 905 3556 Wissenschast
944 3506 1034 3555 der
1073 3504 1268 3555 Mathe—

204 3573 392 3633 matik,
460 3574 630 3624 dieser
693 3573 1269 3638 vielverzweigten

203 3639 603 3705 Wisoenmhast,
643 3642 728 3692 die
752 3642 907 3693 sowol
931 3656 1107 3706 wegen
1135 3641 1270 3691 ihtes

207 3710 452 3759 schwer
500 3726 576 3760 zu
625 3710 1115 3776 ergriindenden
1164 3711 1268 3758 In—

205 3775 402 3838 halts,
438 3778 515 3829 ale
539 3793 717 3844 wegen
754 3779 862 3829 der
901 3780 1270 3829 abstracten

206 3842 383 3895 Form
407 3862 458 3897 ιι.
486 3847 578 3897 des
598 3846 703 3897 sch
718 3861 784 3897 ar
796 3846 926 3905 fen,
954 3860 1270 3909 consequen-

206 3925 289 3963 ten
334 3914 603 3974 Denkens,
653 3916 745 3966 das
795 3916 872 3964 sie
905 3914 1178 3975 erfordert,
1213 3928 1272 3964 so

208 3981 471 4048 schwierig
493 3984 579 4032 ist.

275 4052 325 4100 ei
358 4053 605 4102 scientiae
651 4076 718 4086 -·
764 4050 857 4099 mit
891 4050 1104 4101 scientia
1147 4049 1274 4099 wird

208 4118 694 4169 wissenschaftliche
703 4118 1013 4183 Thiitigkeit,
1038 4118 1145 4167 also
1162 4117 1274 4167 hier

209 4186 656 4237 mathematioches
697 4187 907 4236 Denken
950 4185 1270 4237 bezeichnet.

252 4257 450 4306 numicis
463 4254 806 4319 -Rhythmik
817 4253 1270 4315 u.Musik142,1s⁷.

315 4344 419 4390 cle.
447 4345 521 4387 ΒΕ
550 4343 724 4387 ORAT.
812 4344 851 4387 2.
884 4342 1012 4388 Auss·

1368 2229 1431 2262 zu
1458 2205 1762 2280 φιλόλογος
1786 2213 2019 2276 nannte).
2078 2211 2162 2262 Ihr
2186 2211 2308 2260 Feld
2331 2225 2432 2258 war

1364 2281 1475 2330 also
1524 2282 1608 2330 die
1648 2297 1726 2346 gr.
1770 2298 1824 2332 u.
1858 2286 1988 2333 rom.
2022 2280 2299 2329 Litteratur
2332 2271 2433 2341 (τὰ

1366 2340 1726 2417 γράμματα).
1826 2351 1928 2399 Zur
1993 2348 2281 2412 Erkliirung
2348 2346 2439 2395 der

1367 2417 1583 2468 schriftl.
1618 2418 1900 2468 Denkmale
1935 2414 2308 2482 der⁴Sprache‚
2345 2415 2438 2464 be-

1367 2486 1582 2536 sonders
1619 2502 1710 2536 zur
1740 2486 1904 2537 Kritik
1934 2485 2040 2535 und
2071 2484 2307 2548 Exegese
2348 2482 2439 2532 der

1364 2552 1574 2603 Dichter
1597 2550 1646 2618 (Ι
1670 2554 1763 2614 42,
1792 2562 1883 2604 187.
1931 2553 2015 2603 Or.
2036 2550 2127 2611 21,
2155 2549 2232 2614 ⁷2)
2264 2550 2439 2600 hatten

1366 2621 1441 2669 sie
1476 2622 1588 2669 eine
1620 2635 1677 2671 so
1713 2620 2042 2671 umfassende
2067 2618 2440 2670 Sachkenntnis

1368 2690 1537 2752 utitig,
1574 2689 1696 2739 dass
1732 2705 1787 2739 es
1812 2689 1983 2739 Valet.
2022 2686 2145 2738 Cato
2179 2686 2438 2752 geradezu

1369 2756 1446 2805 als
1482 2756 1591 2805 ihre
1623 2757 1859 2822 Aufgabe
1895 2754 2226 2806 bezeichnete
2259 2768 2439 2803 omnes

1370 2824 1571 2874 solvere
1595 2839 1752 2891 posse
1778 2825 2128 2889 quaestiones·
2152 2849 2217 2858 —
2244 2821 2352 2873 Seit
2374 2821 2433 2871 L.

1367 2892 1548 2942 Aelius
1569 2892 1696 2943 Stilo
1721 2908 1890 2944 waren
1916 2894 2058 2943 dieue
2084 2891 2301 2942 Studien
2321 2888 2440 2940 sehr

1366 2959 1559 3011 beliebt
1583 2960 1754 3026 (Suet.
1779 2962 1843 3011 de
1866 2961 2022 3011 illust.
2049 2974 2264 3026 gramm.
2291 2974 2336 3008 c.
2358 2956 2438 3019 3),

2475 1531 2539 1581 12

1367 3027 1526 3078 daher
1557 3030 1694 3090 huic,
1740 3030 1856 3080 dem
1888 3029 2131 3093 heutigen
2169 3027 2292 3077 oder
2325 3040 2440 3075 mo·
2500 3057 2510 3064 ·

1364 3097 1557 3231 gei-geu
1584 3096 1824 3149 Studium
1849 3099 1939 3148 der
1961 3096 2259 3161 Philologie.
2318 3094 2437 3159 vgl.

1434 3235 1652 3284 scientia
1687 3240 1739 3284 et
1769 3234 2083 3299 cognitione,
2129 3230 2278 3295 jenes
2318 3229 2442 3295 geht

1367 3301 1461 3352 aul*
1480 3303 1765 3362 materiem,
1793 3303 1964 3351 dieses
1989 3298 2081 3350 auf
2099 3301 2225 3349 vim.

1438 3379 1508 3419 11.
1532 3385 1603 3422 ex
1613 3396 1681 3406 —-
1690 3385 1993 3435 comparare
2003 3369 2145 3432 velis,
2157 3381 2306 3417 wenn
2320 3380 2437 3415 man

1373 3438 1517 3487 eine
1542 3438 1795 3489 Auswal
1821 3453 1932 3487 zur
1953 3432 2439 3498 Vergleichung

1369 3504 1682 3555 vornehmen
1722 3505 1907 3555 wollte.
1971 3500 2294 3568 Niigelsbach
2327 3502 2439 3552 Lat.

1374 3572 1489 3624 Stil.
1506 3573 1547 3635 ,ξ
1576 3571 1693 3624 102.·

1443 3650 1509 3691 12.
1533 3643 1587 3690 in
1597 3642 1761 3691 medio
1769 3641 1944 3705 posita
1954 3638 2024 3687 im
2037 3638 2325 3703 Gegensatz
2338 3650 2439 3685 von

1373 3708 1574 3759 occulta
1586 3708 1686 3758 ‘die
1706 3707 2041 3771 offenkundig
2058 3705 2288 3770 vorliegt,
2306 3703 2442 3754 allen

1374 3776 1684 3842 zugiinglich
1706 3778 1790 3827 ist’
1816 3776 1951 3846 (Div.
1978 3776 2032 3824 in
2058 3773 2245 3826 caecil.
2272 3770 2362 3834 11,
2390 3780 2442 3822 33

1373 3852 1530 3908 atque
1555 3858 1648 3910 ego
1672 3844 1822 3908 haec,
1853 3857 1983 3906 quae
2006 3844 2061 3893 in
2081 3842 2246 3891 medio
2265 3841 2442 3905 posita

1358 3920 1511 3974 -sunt,
1532 3927 1892 3972 commemoro,
1915 3918 2036 3961 sunt
2054 3910 2154 3959 alia
2168 3909 2335 3974 magis
2360 3924 2446 3960 oc-

1376 3984 1512 4031 culta
1536 3979 1711 4043 furta).

1442 4051 1684 4099 commum·
1717 4049 1930 4115 quodam
1965 4047 2018 4096 in
2040 4059 2133 4095 usu
2169 4072 2231 4081 —
2257 4044 2445 4093 Keiner

1375 4116 1442 4166 ist
1467 4116 1921 4180 ausgeschlossen‚
1958 4114 2035 4164 sie
2069 4114 2137 4163 ist
2170 4113 2441 4179 gewisser-

1375 4198 1580 4234 massen
1608 4183 1911 4249 Gemeingut
1937 4182 2090 4232 Aller.

1441 4253 1496 4301 in
1518 4252 1766 4303 hominum
1787 4268 1926 4305 more
1950 4258 2002 4303 et
2022 4265 2253 4302 sermone
2279 4275 2341 4284 --
2366 4248 2443 4297 sie

1998 4341 2037 4401 5
