2930 4693
458 228 583 290 114
1085 222 1185 286 DE
1210 222 1566 286 ORATORE
1595 223 1648 285 11
1682 224 1775 284 12.
1806 230 2043 283 47-51.

459 394 675 454 virtute
704 398 804 454 aut
830 392 1043 454 fecerit
1070 398 1172 454 aut
1198 392 1420 454 tulerit.
1464 392 1626 454 Haec
1657 400 1716 453 et
1745 411 1895 473 quae
1924 401 2063 455 sunt
2091 394 2217 454 eius
2247 394 2483 472 generis
2513 392 2691 454 facile

459 477 707 547 videbit,
743 478 844 556 qui
875 476 1027 538 volet
1056 476 1328 547 laudare;
1372 477 1474 556 qui
1502 478 1620 539 vitu
1665 496 1869 550 erare,
1908 479 2222 539 contraria.

360 566 426 617 47
626 563 743 624 Cur
800 563 983 641 igitur
1034 561 1297 633 dubitaS,
1354 563 1548 641 inquit
1605 497 1966 633 gATULUS,
2016 562 2215 624 facere
2273 563 2386 624 hoc
2445 563 2691 622 tertium

459 664 645 725 genus
662 694 677 717 ,
709 646 989 727 quoniam
1018 647 1175 707 inest
1201 646 1264 706 in
1293 647 1525 708 ratione
1554 648 1792 709 rerum?
1844 648 1977 709 Non
2007 648 2195 719 enim,
2240 649 2292 707 si
2321 653 2410 708 est
2438 645 2689 715 faciliuS,

459 750 529 792 eo
561 731 634 792 de
665 749 1184 811 numeroquoque
1215 736 1305 792 est
1334 731 1793 809 excerpendum.

629 816 776 888 Quia
824 814 992 886 nolo,
1036 816 1310 894 inquit,
1354 817 1582 885 omnia,
1626 833 1778 896 quae
1808 815 2027 877 cadunt
2055 815 2369 896 aliquando
2398 816 2459 876 in
2492 821 2692 875 orato-

458 918 615 970 rem,
662 901 925 979 quamvis
955 900 1164 978 exigua
1195 901 1342 971 sint,
1392 917 1462 960 ea
1502 900 1587 960 sic
1626 906 1912 971 tractare,
1966 902 2132 980 quasi
2179 899 2327 961 nihil
2356 901 2544 979 possit
2572 899 2693 959 dici

355 982 430 1039 ’48
458 987 586 1046 sine
614 984 953 1065 praeceptis
982 986 1121 1045 suis.
1196 983 1343 1046 Nam
1376 992 1436 1046 et
1473 985 1875 1046 testimonium
1917 1003 2094 1066 saepe
2132 984 2447 1046 dicendum
2491 990 2581 1044 est
2620 1002 2694 1044 ac

457 1087 901 1149 nonnumquam
934 1069 1109 1129 etiam
1144 1070 1492 1139 accuratius,
1520 1074 1584 1130 ut
1611 1070 1758 1131 mihi
1788 1087 2030 1131 necesse
2060 1069 2172 1130 fuit
2200 1071 2262 1129 in
2287 1070 2421 1130 Sex.
2447 1068 2690 1136 Titium,

457 1154 798 1216 seditiosum
841 1154 1028 1213 civem
1070 1159 1129 1211 et
1166 1153 1605 1223 turbulentum3
1668 1152 1949 1234 explicavi
1997 1156 2062 1214 in
2109 1171 2179 1214 eo
2222 1152 2558 1214 testimonio
2601 1151 2691 1212 di-

458 1237 648 1299 cendo
679 1238 877 1298 omnia
907 1236 1151 1298 consilia
1181 1237 1522 1299 consulatus
1551 1240 1685 1308 mei,
1726 1238 1940 1318 quibus
1969 1237 2055 1298 illi
2083 1237 2325 1298 tribuno
2354 1235 2545 1316 plebis
2574 1255 2690 1315 pro

456 1341 524 1382 re
553 1320 789 1402 publica
829 1322 1207 1392 restitissem,
1251 1340 1520 1402 quaeque
1561 1321 1634 1382 ab
1679 1341 1749 1383 eo
1791 1330 1997 1383 contra
2029 1340 2158 1383 rem
2198 1320 2495 1401 publicam
2535 1321 2690 1380 faeta

457 1405 809 1476 arbitrarer,
854 1407 1130 1486 exposui;
1192 1405 1292 1467 diu
1345 1414 1612 1468 retentus
1651 1425 1812 1477 sum,
1867 1405 2051 1468 multa
2099 1405 2320 1475 audivi,
2365 1404 2547 1466 multa
2591 1423 2691 1464 re-

458 1490 688 1570 spondi.
749 1490 901 1552 Num
931 1491 1112 1569 igitur
1141 1489 1363 1571 placet,
1409 1509 1543 1552 cum
1578 1491 1650 1551 de
1693 1490 2028 1570 eloquentia
2060 1491 2423 1571 praecipiaS,
2466 1486 2689 1568 aliquid

459 1576 636 1635 etiam
668 1576 741 1636 de
772 1576 1120 1636 testimoniis
1151 1574 1417 1636 dicendis
1448 1576 1618 1655 quasi
1643 1577 1708 1636 in
1737 1582 1864 1636 arte
1894 1575 2164 1636 tradere?

291 1650 371 1722 12
385 1662 453 1713 49
624 1659 783 1722 Nihil
814 1678 982 1728 sane,
1014 1660 1207 1739 inquit
1238 1656 1598 1729 CATULUS,
1633 1677 1875 1721 necesse
1907 1664 2013 1721 est.

628 1743 781 1816 Quid
824 1745 873 1803 si
917 1743 1095 1823 (quod
1124 1761 1301 1825 saepe
1345 1745 1592 1805 summis
1619 1746 1759 1804 viris
1790 1743 2019 1823 accidit)
2053 1742 2327 1803 mandata
2358 1742 2476 1801 sint
2506 1760 2686 1820 expo-

456 1828 682 1899 nenda,
735 1835 836 1889 aut
873 1830 948 1888 in·
978 1834 1188 1889 senatu
1227 1829 1300 1890 ab
1344 1830 1704 1908 imperatore
1746 1835 1845 1888 aut
1889 1827 1962 1888 ad
2004 1829 2425 1906 imperatorem
2468 1833 2568 1886 aut
2611 1825 2685 1885 ad

459 1931 662 1991 regem
693 1918 794 1973 aut
823 1912 897 1972 ad
926 1911 1210 1991 populum
1243 1913 1499 1993 aliquem
1531 1932 1562 1973 a
1593 1918 1828 1982 senatu,
1874 1930 2015 1973 num
2047 1913 2181 1991 quia
2214 1928 2435 1989 genere
2464 1911 2684 1970 oratio-

459 1998 549 2057 nis
591 1998 653 2056 in
703 1995 1043 2057 huiusmodi
1082 1997 1273 2058 causis
1315 1999 1683 2058 accuratiore
1724 2004 1813 2057 est
1853 1996 2168 2065 utendum,
2229 1995 2455 2055 idcirco
2507 1995 2685 2053 etiam

456 2099 596 2163 pars
626 2081 773 2142 haec
804 2098 1110 2141 causarum
1144 2081 1510 2142 numeranda
1538 2080 1770 2141 videtur
1798 2087 1898 2142 aut
1938 2081 2196 2160 propriis
2230 2078 2563 2158 praeceptis
2593 2079 2683 2137 in-

458 2165 776 2227 struenda?

626 2251 866 2312 Minime
897 2266 1063 2319 vero,
1105 2246 1297 2328 inquit
1328 2246 1678 2310 CATULUS.
1755 2248 1885 2308 Non
1917 2249 2075 2308 enim
2118 2247 2309 2307 deerit
2337 2246 2564 2307 homini
2594 2245 2680 2305 di-

458 2342 616 2396 serto
658 2336 720 2395 in
764 2333 1050 2396 eiusmodi
1089 2333 1268 2396 rebus
1306 2332 1553 2396 facultas
1593 2352 1665 2395 ex
1708 2334 1921 2395 ceteris
1962 2331 2142 2394 rebus
2188 2339 2246 2393 et
2289 2332 2479 2393 causis
2519 2349 2680 2392 com-

456 2425 680 2502 parata.

358 2507 428 2557 50
623 2504 781 2584 Ergo
822 2504 993 2574 item,
1039 2504 1313 2583 inquit,
1355 2501 1483 2573 illa,
1528 2521 1677 2583 quae
1708 2521 1884 2583 saepe
1915 2502 2134 2563 diserte
2169 2501 2403 2579 agenda
2445 2508 2583 2560 sunt
2625 2506 2684 2559 et

456 2609 606 2671 quae
648 2608 758 2669 ego
803 2587 1001 2668 paullo
1044 2597 1211 2657 ante,
1269 2606 1403 2649 cum
1446 2588 1855 2668 eloquentiam·
1887 2586 2220 2656 laudarem,
2265 2585 2385 2646 dixi
2425 2586 2682 2647 oratoris

457 2693 613 2744 esse,
659 2691 851 2754 neque
878 2673 1102 2735 habent
1136 2691 1307 2734 suum
1337 2672 1531 2735 locum
1576 2672 1762 2734 ullum
1796 2674 1859 2733 in
1890 2671 2172 2732 divisione
2204 2671 2456 2750 partium
2491 2687 2682 2747 neque

456 2765 684 2819 certum
723 2765 1178 2838 praeceptorum
1221 2775 1437 2836 genus,
1496 2765 1556 2818 et
1598 2757 1825 2836 agenda
1867 2763 2006 2817 sunt
2046 2772 2167 2815 non
2209 2755 2403 2815 minus
2444 2753 2680 2823 diserte,

456 2861 631 2921 quam
677 2860 827 2920 quae
867 2843 931 2902 in
981 2841 1083 2902 lite
1125 2842 1429 2912 dicuntur,
1491 2841 1851 2920 obiurgatio,
1906 2839 2234 2901 cohortatio
2256 2887 2272 2909 ,
2327 2837 2681 2906 consolatio;

455 2944 708 3006 quorum
740 2924 888 2985 nihil
919 2932 1033 2995 est,
1079 2926 1235 3005 quod
1267 2943 1387 2987 non
1428 2944 1658 2988 summa
1690 2925 1924 2986 dicendi
1964 2930 2314 2986 ornamenta
2355 2922 2680 2991 desideret;

458 3009 562 3073 sed
594 3029 668 3071 ex
695 3008 945 3069 'artificio
976 3027 1073 3071 res
1101 3011 1247 3071 istae
1279 3018 1596 3090 praecepta
1627 3027 1748 3070 non
1778 3016 2086 3089 quaerunt.

625 3092 837 3164 Plane,
868 3094 1061 3172 inquit
1092 3090 1449 3164 CATULUs,
1484 3094 1805 3155 adsentior.

358 3179 420 3230 51
624 3180 747 3256 Age
777 3195 944 3248 vero,
987 3178 1181 3258 inquit
1208 3175 1612 3249 ANTONIUS,
1657 3177 1846 3258 qualis
1876 3177 2128 3240 oratoris
2171 3184 2230 3238 et
2258 3177 2463 3257 quanti
2492 3175 2682 3237 homi-

456 3264 549 3325 nis
577 3264 641 3326 in
671 3262 923 3324 dicendo
953 3261 1125 3344 putas
1157 3281 1287 3324 esse
1317 3262 1624 3324 historiam
1655 3262 1955 3323 scribere?

522 3492 590 3534 4⁷.
628 3484 760 3534 inest
784 3480 917 3533 steht
939 3483 1008 3532 im
1035 3480 1322 3547 Gegensatz
1350 3499 1414 3533 zu
1439 3482 1520 3532 fa·
1626 3482 1941 3548 erteilungen
1999 3480 2092 3531 aul·
2143 3477 2530 3546 diplomatisehe
2585 3477 2682 3528 Ge.-

454 3567 594 3601 cere:
617 3552 731 3600 weil
751 3566 805 3601 es
818 3550 949 3601 doch
962 3566 1067 3601 nun
1081 3550 1264 3600 einmal
1284 3538 1402 3615 (ὅτι
1422 3542 1521 3617 δή)
1626 3551 1886 3617 nauigkeit
1909 3550 2115 3600 ankarn.

453 3620 506 3668 in
544 3618 638 3667 der
668 3617 829 3667 Reihe
865 3618 956 3668 der
977 3619 1144 3682 Dinge
1179 3618 1232 3667 in
1268 3620 1359 3668 der
1381 3619 1523 3667 Welt
1691 3628 1760 3669 50.
1790 3620 1970 3683 paullo
1996 3623 2115 3667 ante
2140 3614 2172 3682 S
2197 3614 2282 3667 35.

455 3683 513 3751 (S
534 3682 628 3750 63)
650 3686 956 3745 vorkommt,
977 3687 1182 3737 konnen
1204 3686 1295 3736 wir
1313 3701 1370 3736 es
1388 3685 1519 3735 auch
1693 3702 1763 3736 ea:
1797 3687 2016 3747 artificio
2050 3698 2145 3734 aus
2183 3684 2271 3733 der
2294 3681 2536 3743 Theorie,
2573 3681 2689 3731 dem

456 3751 650 3818 fiiglich
672 3753 725 3802 in
753 3753 844 3802 der
865 3753 1203 3817 Reihenfolge
1236 3753 1328 3802 der
1349 3753 1520 3802 Rede-
1625 3753 1827 3818 System
1900 3750 1953 3818 (S
2001 3750 2119 3811 83),
2193 3751 2286 3800 der
2344 3747 2681 3815 eigentlichen

456 3821 613 3870 theile
638 3819 927 3871 aufzfihlen.
1627 3814 1899 3886 ῥητορικὴ
1927 3813 2138 3884 τέχνη
2219 3817 2303 3871 29.
2354 3825 2365 3838 “

522 3890 647 3950 suia,
675 3888 726 3938 d.
754 3888 793 3937 i.
817 3888 1055 3953 propriis,
1084 3885 1116 3952 S
1141 3885 1227 3939 49.
1696 3897 1763 3937 51.
1802 3888 1918 3951 Age
1942 3901 2081 3946 vero,
2110 3889 2130 3936 Ι
2190 3925 2203 3948 ,
2229 3895 2297 3937 32.

525 3964 596 4009 48.
632 3956 751 4006 mihi
781 3955 916 4006 Einl.
941 3957 963 4005 I
989 3955 1021 4018 §
1048 3955 1130 4016 11,
1158 3962 1249 4004 118.
1695 3956 1974 4006 historiam.
2022 3955 2224 4005 Ebenso
2249 3950 2428 4017 gehort
2450 3948 2583 4000 auch
2607 3950 2689 4001 die

526 4024 581 4071 in
606 4030 721 4073 arte
746 4025 768 4073 I
792 4022 875 4081 22,
899 4025 968 4077 99.
1628 4020 2024 4087 geschichtliche
2054 4022 2386 4085 Darstellung
2418 4018 2689 4082 unstreitig

531 4088 617 4152 12,
643 4098 711 4138 49.
750 4089 885 4150 Quid
904 4092 954 4140 εἰ
975 4105 1048 4141 sc.
1071 4089 1323 4140 Antonius
1342 4077 1524 4154 inquit.
1630 4092 1722 4139 mit
1765 4106 1829 4138 zu
1875 4089 1975 4139 den
2009 4090 2281 4153 Aul'gaben
2324 4089 2414 4137 des
2455 4086 2688 4136 Redners

531 4158 870 4213 accuratiore,
896 4157 1125 4208 insol'ern
1145 4173 1200 4209 es
1219 4158 1300 4206 bei
1319 4156 1527 4207 solchen
1628 4155 1688 4223 (S
1699 4155 1810 4218 62),
1826 4157 1924 4205 wie
1941 4157 2281 4207 andererseits
2293 4156 2378 4205 die
2388 4151 2689 4204 Geschicht-

462 4220 1046 4288 besonderuAuftriigen
1067 4225 1174 4274 und
1185 4224 1527 4275 Vollmachts·
1633 4223 1942 4289 schreibung
1976 4226 2088 4275 eine
2121 4222 2442 4273 bedentende
2472 4220 2689 4271 oratori*
