2930 4693
467 194 597 260 Μ
1119 203 1194 254 11.
1237 203 1666 256 ”mm
1706 205 2022 256 ammo.

472 502 484 513 ι
569 430 842 566 &pler-lipia.
895 432 1148 498 (Ellendtz
1179 432 1306 484 Nam
1342 434 1386 484 si
1420 435 1657 498 quisquis
1685 460 1747 471 —
1772 435 2133 501 assumpserit,
2165 435 2420 501 perficiet3
2448 434 2687 486 Lambln:

674 515 720 550 rs

605 571 701 629 51,
727 578 808 621 219
829 571 940 648 Ιιιίιί
965 571 1053 635 qui
1085 569 1347 623 hominum
1373 580 1583 623 naturas
1612 575 1780 624 mores
1804 583 1958 638 atque
1986 574 2211 625 rationes
2238 575 2298 625 Ρ.
2332 579 2454 625 statt
2479 573 2579 623 nisi
2608 572 2691 636 qni

468 654 638 690 rerum
675 641 902 691 omnium
939 648 1198 707 naturam,
1240 657 1410 693 mores
1445 641 1711 693 hominnm
1750 652 1903 707 atque
1934 645 2177 696 rationes.
2235 643 2429 710 (Baket
2473 643 2571 691 nisi
2609 643 2691 706 qui

469 710 695 760 omnium
719 718 950 761 naturam
973 726 1242 776 monesque
1263 712 1525 764 hominum
1555 720 1709 777 atque
1730 713 2001 775 rationes.)
2051 712 2223 764 Dnreh
2248 714 2398 763 einen
2424 711 2543 763 sehr
2567 710 2691 761 hin-

467 779 606 846 ssgen
636 778 1138 832 Absehreiberfehler
1167 782 1285 832 kam
1322 783 1547 832 omnium
1576 790 1697 832 stau
1722 782 1986 833 hominnm
2018 785 2073 833 in
2103 784 2202 834 den
2231 785 2389 844 Text,
2428 781 2534 833 und
2555 781 2691 831 diess

467 848 605 900 hatte
632 850 824 900 wieder
846 850 1005 902 sowol
1032 852 1132 902 den
1158 852 1341 902 Zusatz
1369 867 1536 903 rerum
1566 866 1631 901 zu
1659 854 1910 919 omnium,
1941 854 2018 904 als
2045 853 2173 904 aneh
2209 854 2291 904 die
2321 851 2691 918 Hinzufflgung

471 934 570 970 von
595 919 859 970 hominum
886 920 1056 970 hinter
1080 936 1248 972 mores
1276 938 1369 972 zur
1395 922 1570 990 Foige.

608 990 703 1054 51,
731 996 804 1040 221
846 1000 900 1041 ut
935 991 981 1040 ei
1021 993 1109 1055 qui
1141 992 1350 1042 audiant
1387 992 1445 1046 P.
1485 1000 1606 1044 statt
1632 993 1707 1043 uti
1737 993 1825 1057 qui
1847 993 2057 1044 audiant
2092 991 2348 1058 (Ellendtt
2390 999 2448 1042 ut
2480 991 2574 1055 qui
2601 1004 2690 1039 an-

469 343 795 496 igifelsboeh
817 360 931 413 Lat.
958 360 1072 413 Stil.
1089 363 1139 413 2.
1167 363 1305 413 Aufl.
1339 361 1391 413 S.
1423 364 1527 415 252
1555 373 1675 415 statt
1698 364 1826 415 Nam
1849 365 1894 415 si
1925 366 2143 430 quisque
2167 371 2223 415 nt
2248 391 2318 406 —
2343 365 2689 431 assumpserit,

473 509 546 550 lu

373 1137 378 1144 .
466 1058 652 1125 aim).

604 1131 701 1192 52,
730 1137 808 1178 225
852 1128 1124 1180 Doderlein
1166 1139 1442 1196 vermutet,
1480 1131 1602 1181 dass
1639 1145 1733 1181 vor
1769 1140 1943 1182 nostro
1985 1132 2239 1198 sangnine
2278 1132 2376 1181 das
2405 1130 2557 1180 Wort
2596 1130 2692 1179 nisi

466 1199 788 1266 ausgefnllen
824 1200 927 1249 sei:
977 1213 1097 1249 nur
1133 1200 1244 1250 mit
1285 1209 1449 1253 uns‘e
1463 1215 1590 1250 rem
1627 1200 1777 1250 Blut
1813 1202 1951 1251 kann
1989 1200 2099 1251 ihre
2142 1202 2404 1270 Raubgier
2448 1201 2692 1267 gesfittigt

465 1270 689 1321 werden.
739 1268 859 1335 Vgl.
898 1268 1010 1318 Liv.
1055 1268 1126 1319 IX
1163 1273 1187 1321 l
1226 1273 1313 1336 qui
1351 1271 1545 1337 placari
1585 1279 1838 1334 nequeant
1873 1272 1974 1321 nisi
2014 1271 2349 1322 hauriendum
2388 1271 2690 1338 sanguinem

466 1340 806 1402 laniandaque
832 1340 1028 1389 viscera
1055 1347 1233 1391 nostra
1259 1341 1663 1407 praebuerimus.

604 1410 701 1474 53,
728 1418 808 1460 228
836 1406 975 1459 hisce
998 1424 1114 1459 eum
1148 1411 1429 1478 tragoediis
1453 1410 1744 1479 Heusinger
1777 1417 1896 1462 statt
1921 1409 2004 1461 his
2030 1425 2233 1475 quoque
2266 1423 2401 1461 eum.
2452 1408 2581 1473 (Eri.
2610 1409 2632 1456 1
2658 1408 2690 1459 b

465 1481 554 1532 hat
579 1479 747 1545 hysefi
772 1480 827 1532 d.
853 1478 907 1533 h.
935 1479 1075 1530 hisee
1099 1482 1258 1547 enm.)
1304 1480 1526 1547 Kayser:
1554 1479 1636 1532 his
1660 1494 1794 1534 eum.

601 1548 699 1612 56,
723 1557 802 1600 239
841 1549 976 1613 quod
1001 1549 1274 1616 (Crassus)
1300 1550 1426 1601 Gaio
1449 1550 1555 1601 filio
1582 1549 1739 1600 filiam
1763 1563 1909 1601 suam
1933 1548 2292 1617 despondisset
2314 1549 2373 1599 Ρ.
2405 1555 2529 1599 statt
2555 1546 2692 1611 quod

466 1621 640 1672 Crassi
674 1618 831 1670 filiam
859 1617 982 1669 Gaio
1014 1618 1120 1670 tilio
1158 1635 1252 1672 suo
1286 1620 1660 1688 despondisset.
1734 1620 1829 1670 Die
1850 1618 2198 1686 Vulgatlesart
2226 1620 2294 1669 ist
2325 1618 2555 1670 offenbar
2595 1632 2691 1666 un-

464 1690 670 1757 richtig.
744 1688 952 1741 ‘Crassi’
981 1690 1036 1739 in
1051 1691 1163 1741 ‘den
1180 1690 1270 1742 Hs.
1298 1691 1366 1742 ist
1389 1705 1485 1741 ans
1508 1689 1625 1741 dem
1650 1691 1743 1741 der
1769 1687 1931 1740 Saehe
1957 1688 2086 1739 naoh
2110 1704 2245 1756 ganz
2272 1688 2526 1755 riehtigen
2545 1685 2690 1737 Glos-

466 1776 575 1812 sem
593 1777 660 1812 su
679 1759 1039 1826 despondisset
1063 1761 1384 1814 entstenden.
1426 1759 1622 1823 (Wenn
1646 1774 1763 1810 man
1790 1760 1875 1809 die
1898 1758 2307 1825 Wiederholung
2335 1757 2474 1808 nieht
2493 1756 2688 1816 seheut,

464 1846 523 1882 so
548 1833 738 1883 konnte
764 1828 1019 1881 allenfslls
1044 1828 1175 1881 auch
1202 1829 1457 1883 ‘Crassus’
1484 1831 1576 1882 der
1600 1828 1939 1881 Dentiiehkeit
1958 1843 2142 1895 wegen
2167 1829 2413 1896 geduldet
2440 1823 2692 1889 werden.)

600 1902 690 1964 57,
716 1909 791 1949 24ι
827 1900 954 1950 iuris
979 1899 1091 1950 sine
1113 1901 1474 1952 controversiis
1497 1899 1641 1950 Klots
1661 1908 1780 1951 statt
1798 1900 1924 1951 iuris
1951 1898 1989 1964 †
2013 1899 2067 1949 in
2091 1898 2468 1950 controversiis.
2516 1895 2692 1964 (Lam-

466 1973 578 2023 bin:
615 1966 1012 2032 insonti-eversi,
1035 1970 1205 2021 Bake:
1237 1985 1339 2021 non
1367 1970 1721 2034 controversi).

601 2041 689 2101 57,
716 2049 796 2089 242
827 2039 936 2090 Nisi
973 2054 1091 2090 vero
1125 2040 1282 2104 (bona
1313 2041 1464 2093 venia
1503 2040 1655 2090 huius
1691 2039 1869 2105 optimi
1903 2037 1998 2089 viri
2036 2037 2284 2103 dixerim)
2323 2037 2598 2088 Scaevolae
2632 2043 2691 2086 tu

464 2110 652 2161 libellis
669 2110 813 2160 Klotz
832 2116 954 2159 statt
979 2108 1090 2161 Nisi
1111 2124 1228 2161 vero
1244 2111 1407 2178 (bona
1429 2112 1577 2161 venia
1593 2109 1748 2160 huius
1766 2108 1943 2176 optimi
1960 2108 2056 2157 viri
2075 2107 2293 2158 dixerim
2318 2103 2687 2174 [ScaevolaeD.

602 2182 687 2240 57,
716 2188 795 2230 242
830 2178 1185 2231 defensionem
1205 2188 1624 2232 testamentorum
1652 2176 1757 2247 [ae]
1790 2173 2066 2230 voluntatis
2090 2175 2448 2244 [mortuorum]
2483 2177 2539 2226 P.
2568 2185 2692 2226 statt

464 2251 819 2302 defensionem
843 2256 1258 2301 testamentorum
1284 2266 1344 2301 ae
1368 2252 1644 2301 voluntatis
1671 2257 2004 2302 mortuorum.
2078 2246 2269 2298 Wollte
2302 2262 2421 2298 man
2447 2262 2540 2297 zur
2563 2248 2691 2299 Ver-

464 2322 735 2389 teidigung
760 2321 852 2371 der
876 2319 1222 2386 Vulgatlesart
1246 2321 1340 2373 das
1369 2320 1522 2372 Wort
1552 2320 1823 2372 voluntatis
1862 2317 1993 2368 anch
2021 2333 2088 2368 zu
2121 2324 2538 2369 testamentorum
2567 2331 2691 2383 sup-

465 2394 690 2459 plieren‚
729 2405 787 2441 so
821 2393 959 2441 wiire
989 2392 1163 2453 (wenn
1200 2390 1310 2442 sich
1347 2390 1638 2458 uberhaupt
1670 2391 1783 2441 eine
1816 2387 1996 2440 solehe
2024 2386 2293 2438 Annahme
2322 2386 2690 2452 reehtfertigen

465 2462 644 2526 liesse)
668 2462 762 2512 das
786 2461 965 2511 zweite
989 2461 1261 2513 voluntatis
1286 2469 1598 2513 mortuorum
1624 2461 1708 2510 ein
1732 2461 1918 2510 Zusatz
1933 2496 1948 2522 ,
1972 2458 2065 2508 der
2089 2458 2188 2508 den
2216 2456 2456 2509 sehari'eu
2487 2456 2688 2523 Gegen-

464 2540 573 2584 satz
604 2530 848 2582 vielmehr
868 2530 1189 2581 verwischte.
1241 2532 1341 2582 Zur
1362 2532 1704 2596 Eriduterung
1726 2531 1820 2581 des
1844 2527 2363 2596 ungewiihnlieheren
2392 2526 2691 2578 Ausdrueks

467 2602 740 2653 voluntatis
774 2608 1188 2652 testamentorum
1225 2603 1404 2652 wnrde
1435 2602 1534 2651 das
1568 2598 1922 2650 vermeintlieh
1953 2597 2265 2648 deutliehere
2291 2608 2593 2650 memorum
2625 2610 2693 2645 an

464 2673 564 2723 den
589 2673 735 2722 Rand
759 2678 989 2736 gesem,
1016 2660 1113 2722 da's
1136 2671 1247 2722 sioh
1275 2674 1447 2739 spater
1475 2671 1568 2721 mit
1591 2686 1655 2720 ae
1682 2671 1737 2720 in
1758 2671 1863 2720 den
1888 2667 2019 2718 Text
2043 2667 2343 2718 einsohlieh.

602 2742 697 2806 58,
721 2750 801 2791 249
840 2740 931 2791 Cui
961 2748 1193 2791 nostrum
1229 2742 1347 2792 lieet
1377 2740 1568 2791 fundos
1604 2751 1808 2791 nostros
1835 2739 1976 2789 obire
2004 2737 2142 2788 Bake
2178 2746 2299 2789 statt
2334 2737 2428 2790 Cui
2456 2744 2693 2788 nostrum

465 2828 594 2863 nunc
620 2812 736 2861 lieet
760 2810 841 2875 (so
875 2820 1044 2861 zuerst
1072 2809 1284 2873 Sehiitz,
1313 2812 1449 2862 dann
1476 2809 1785 2860 Henriehsen
1802 2847 1816 2874 ,
1848 2809 2078 2869 Ellendt,
2110 2806 2308 2872 Orelli).

602 2880 700 2943 58,
729 2888 807 2930 249
838 2880 885 2929 si
910 2880 995 2944 qui
1021 2878 1212 2932 fundus
1238 2880 1588 2948 inspiciendus
1614 2880 1752 2930 Bake
1776 2886 1896 2930 statt
1919 2878 1965 2928 si
1993 2877 2077 2928 oui
2102 2877 2296 2929 fundus
2319 2878 2694 2943 inspiciendus.

603 2949 701 3013 58,
729 2958 807 2999 250
842 2964 956 2998 eum
983 2950 1036 2999 in
1063 2966 1170 3000 rem
1201 2958 1524 3017 praesentem
1560 2950 1796 3001 venimus
1825 2949 1884 2998 P.
1921 2955 2048 2999 statt
2072 2962 2187 2998 eum
2223 2949 2277 2998 in
2311 2960 2420 2998 rem
2446 2961 2695 3015 praesen·

463 3033 565 3075 tem
593 3035 697 3071 non
722 3034 971 3070 venimus.

600 3091 668 3143 59
683 3126 697 3153 ,
725 3098 802 3139 251
829 3087 1134 3140 Graecorum
1156 3103 1297 3139 more
1316 3090 1678 3156 tragoedorum
1704 3095 1874 3138 zuerst
1895 3088 2107 3138 Lambin
2126 3087 2255 3137 nach
2279 3088 2370 3138 Hs.
2397 3094 2520 3138 statt
2537 3085 2697 3137 Grae-

464 3177 638 3214 eorum
662 3175 803 3210 more
828 3168 878 3210 et
899 3160 1278 3226 tragoedorum.
1345 3159 1601 3224 (Ellendtz
1641 3158 1946 3209 Graecorum
1975 3172 2117 3208 more
2147 3155 2222 3223 [et
2248 3153 2693 3223 tragoedorumJ).

602 3230 689 3296 59,
715 3239 795 3280 251
827 3230 1079 3281 Paeanem
1106 3239 1193 3281 aut
1213 3230 1512 3280 Nomionem
1536 3229 1761 3280 Talaeus
1786 3237 1910 3280 stett
1931 3228 2183 3279 Paeanem
2211 3237 2297 3279 aut
2314 3227 2352 3293 †
2372 3228 2689 3277 munionem.

466 3300 643 3368 (Orelli
672 3300 808 3351 zieht
833 3307 922 3350 aut
948 3314 1154 3352 nemum
1179 3315 1300 3363 νοις
1339 3301 1515 3350 besser
1542 3300 1639 3350 wol
1670 3308 1758 3351 ant
1781 3298 2070 3364 hymnum).

603 3371 699 3433 59,
726 3380 807 3421 253
836 3371 1095 3421 ministros
1121 3369 1309 3421 habent
1331 3371 1381 3419 ln
1407 3370 1575 3420 causis
1612 3367 1762 3434 [iuris
1784 3367 1999 3436 peritos]
2027 3369 2113 3432 qui
2134 3368 2234 3434 ipsi
2263 3368 2363 3417 sint
2391 3364 2697 3433 peritissimi

465 3452 514 3494 et
542 3443 629 3506 qui
656 3441 713 3493 P.
747 3447 865 3491 statt
890 3441 1149 3495 ministros
1173 3440 1362 3491 habent
1389 3440 1440 3489 in
1467 3440 1638 3490 causis
1673 3439 1802 3490 iuris
1830 3439 2048 3505 peritos,
2079 3451 2195 3486 eum
2225 3438 2263 3502 †
2291 3438 2393 3504 ipsi
2426 3436 2529 3486 sint
2554 3435 2696 3500 peri-

463 3512 647 3563 tissimi
678 3507 768 3576 [et]
802 3511 907 3574 qui.
982 3510 1240 3572 (Lambin.
1282 3525 1398 3560 eum
1432 3509 1533 3576 ipsi
1567 3509 1670 3559 sint
1707 3509 2021 3575 peritissimi.
2079 3509 2167 3573 qui
2201 3513 2321 3558 statt
2354 3507 2446 3556 der
2472 3505 2697 3572 Vulgat-

463 3583 618 3633 lesart
646 3594 760 3630 cum
794 3578 1049 3631 erseheint
1076 3581 1234 3631 sehon
1261 3593 1442 3646 wegen
1474 3579 1565 3630 des
1600 3578 1877 3645 folgenden
1910 3587 1960 3628 et
1995 3578 2071 3628 ais
2099 3577 2183 3627 die
2212 3575 2488 3642 riehtigere
2512 3575 2697 3624 Lesart

463 3652 570 3702 und
596 3652 722 3701 iuris
753 3650 944 3716 peritos
971 3651 1038 3701 ist
1066 3647 1488 3701 wahrsoh‘einlieh
1513 3649 1595 3698 ein
1621 3647 1850 3699 Glossem
1881 3663 1945 3697 sa
1969 3647 2251 3697 ministros.

601 3720 697 3786 60,
725 3730 803 3770 255
835 3720 888 3770 id
919 3722 1054 3785 quod
1077 3720 1213 3772 haud
1239 3720 1396 3771 seiam
1422 3717 1611 3770 Sehfitz
1640 3717 1768 3769 nach
1797 3719 2085 3785 Heusinger
2116 3723 2235 3766 statt
2267 3711 2357 3781 [et]
2389 3713 2528 3777 quod
2550 3711 2696 3763 haud

463 3807 638 3844 seiam.

602 3860 696 3923 60,
726 3871 805 3912 256
842 3861 1157 3926 antiquitatis
1193 3860 1489 3910 memoriam
1521 3858 1661 3910 Koeh
1693 3858 1725 3908 l.
1755 3858 1787 3907 l.
1827 3864 1947 3906 statt
1985 3853 2300 3918 antiquitatis
2333 3853 2449 3904 iter.
2514 3848 2699 3901 Ndher

462 3931 740 3985 betraohtet
766 3932 836 3982 ist
868 3931 1038 3985 dieser
1061 3930 1335 3981 Ausdruek
1358 3930 1674 3993 antiquitatis
1709 3929 1804 3978 iter
1829 3922 2170 3975 unerklariieh
2199 3924 2304 3973 und
2340 3922 2479 3971 kann
2518 3921 2699 3972 weder

462 4003 662 4069 gefasst
686 4002 913 4052 werden:
951 4001 1061 4051 ‘als
1088 4000 1490 4066 Inbegriff‘alles
1516 4000 1728 4058 dessen,
1758 4012 1864 4047 was
1886 4010 2003 4045 man
2040 3992 2136 4044 auf
2156 3994 2325 4043 dieser
2346 3991 2697 4057 Wanderuug

462 4071 623 4122 durch
650 4071 823 4137 linget
845 4083 1172 4138 vergangene
1198 4071 1369 4121 Zeiten
1395 4085 1460 4119 su
1489 4068 1646 4120 seben
1669 4068 1775 4119 und
1803 4080 1868 4117 zu
1893 4065 2054 4117 boren
2080 4062 2355 4114 bekomtut’
2382 4060 2478 4125 (—-
2504 4063 2557 4112 in
2583 4060 2698 4110 die-

464 4155 549 4189 ser
571 4140 868 4206 Beziehung
893 4140 986 4193 auf
1005 4141 1106 4190 den
1135 4138 1298 4190 inhait
1323 4141 1415 4190 des
1442 4138 1538 4189 auf
1561 4140 1651 4189 der
1674 4136 2085 4188 Altertumsreis‘e
2108 4133 2344 4183 Etlebten
2374 4132 2481 4182 und
2505 4129 2701 4181 Erfnh-

463 4222 621 4257 renen
643 4210 817 4258 wiirde
846 4208 938 4259 der
964 4209 1237 4260 Ausdruok
1274 4210 1441 4259 zumal
1479 4209 1657 4259 mitten
1686 4214 1835 4258 unter
1860 4205 2179 4272 prudentiam
2215 4203 2321 4253 und
2348 4201 2545 4269 copiam
2582 4198 2700 4251 und

467 4275 715 4328 sundehst
744 4291 846 4328 von
875 4278 990 4328 dieo
1019 4277 1283 4345 abhfingig
1310 4279 1411 4329 wol
1446 4277 1831 4337 mitmutuabor
1864 4275 2160 4327 verbunden
2190 4272 2395 4324 werden
2414 4268 2696 4342 ‚konnenh
