2930 4693
393 156 473 219 72
1009 151 1106 213 DE
1138 149 1493 213 ORATORE
1521 149 1547 211 Ι
1577 150 1679 211 47.
1710 154 2019 207 205-207.

389 338 524 381 rum
555 318 780 390 studiiS,
814 320 864 381 si
893 319 1072 380 modo
1101 327 1238 381 sunt
1266 318 1542 389 studiosi,
1576 336 1705 379 esse
1734 317 1975 380 factum.
2034 317 2203 387 Nam,
2234 323 2301 378 ut
2312 317 2624 378 Socratem

387 403 555 466 illum
607 403 842 466 solitum
897 406 1061 465 aiunt
1103 404 1304 465 dicere
1343 403 1673 484 perfectum
1717 402 1830 464 sibi
1860 421 2008 483 opus
2037 420 2170 463 esse
2192 450 2207 472 ,
2262 403 2311 462 si
2345 403 2449 481 qui
2477 403 2622 461 satis

388 496 543 551 esset
572 491 898 551 concitatus
928 489 1335 550 cohortatione
1377 505 1483 549 sua
1524 487 1599 548 ad
1641 487 1904 549 studium
1946 486 2393 566 cognoscendae
2421 487 2619 565 perci-

384 573 753 654 piendaeque
784 575 1041 643 virtutis;
1076 572 1289 653 quibus
1318 574 1478 633 enim
1507 571 1569 632 id
1597 590 1949 653 persuasum
1980 579 2164 643 esset,
2196 579 2262 632 ut
2292 570 2441 631 nihil
2472 569 2619 631 mal-

384 657 510 720 lent
540 677 669 720 esse
698 678 791 729 se,
845 677 1023 740 quam
1072 657 1263 719 bonos
1292 658 1477 728 viroS,
1533 658 1619 719 eis
1649 656 1938 738 reliquam
1968 655 2201 718 facilem
2233 674 2365 719 esse
2396 655 2617 717 doctri-

384 761 555 805 nam:
615 746 701 805 sic
760 761 870 822 ego
907 741 1217 822 intellego,
1272 744 1322 803 si
1362 744 1424 803 in
1454 742 1633 814 haec,
1677 760 1829 824 quae
1869 740 2153 821 patefecit
2195 742 2465 803 oratione
2510 759 2617 801 sua

384 828 651 900 Crassus,
684 830 908 889 intrare
938 826 1268 895 volueritis,
1316 825 1596 899 facillime
1638 846 1741 888 vos
1770 826 1843 889 ad
1880 845 1979 897 ea,
2021 845 2173 907 quae
2203 827 2616 907 cupitiS,·per-

385 920 666 976 venturos
697 912 769 973 ab
799 913 914 973 hoc
946 911 1108 973 aditu
1136 913 1430 992 ianuaque
1460 911 1771 992 patefacta.

546 997 728 1059 Nobis
758 1015 926 1067 vero,
968 997 1161 1077 inquit
1190 994 1591 1075 SULPICIUS,
1633 998 1743 1057 ista
1785 1004 1923 1058 sunt
1951 1002 2230 1078 pergrata
2258 1015 2486 1076 perque
2516 997 2612 1056 iu-

382 1082 604 1143 cunda:
652 1081 756 1143 sed
798 1099 983 1162 pauca
1025 1083 1203 1143 etiam
1242 1083 1603 1162 requirimus
1642 1083 1707 1143 in
1735 1082 2064 1163 primisque
2110 1100 2209 1149 ea,
2254 1099 2406 1162 quae
2445 1079 2613 1141 valde

381 1165 663 1227 breviter.
684 1185 717 1227 a
749 1174 834 1237 te,
884 1167 1119 1238 Crasse,
1173 1165 1245 1226 de
1288 1168 1417 1246 ipsa
1456 1175 1585 1228 arte
1614 1185 1900 1247 percursa
1945 1174 2109 1237 sunt,
2156 1184 2293 1227 cum
2333 1165 2435 1226 illa
2466 1172 2524 1225 te
2555 1173 2615 1225 et

381 1269 500 1311 non
523 1259 905 1312 contemnere
931 1259 989 1312 et
1012 1250 1285 1313 didicisse
1316 1253 1687 1313 confiterere.
1732 1252 1817 1313 Ea
1858 1253 1909 1312 si
1937 1250 2136 1331 paullo
2166 1250 2342 1312 latius
2371 1251 2609 1319 dixeriS,

381 1334 637 1415 expleris
658 1354 896 1397 omnem
920 1337 1419 1417 exspectationem
1445 1336 1710 1397 diuturni
1732 1336 2013 1398 desiderii
2039 1338 2243 1398 nostri.
2277 1336 2427 1398 Nam
2452 1353 2611 1398 nunc

380 1420 594 1500 quibus
636 1421 992 1483 studendum
1033 1421 1213 1482 rebus
1258 1428 1415 1482 esset
1454 1423 1818 1502 accepimuS,
1862 1420 2022 1503 quod
2064 1423 2259 1500 ipsum
2290 1428 2382 1483 est
2408 1428 2605 1482 tamen

383 1523 693 1585 magnum3
746 1506 853 1568 sed
903 1507 1024 1569 vias
1077 1524 1281 1569 earum
1330 1524 1535 1569 rerum
1593 1507 2002 1588 rationemque
2027 1508 2323 1587 cupimus
2387 1523 2607 1586 cogno·

380 1609 567 1653 scere.

547 1676 736 1748 Quid?
788 1678 868 1745 si,
922 1677 1115 1757 inquit
1145 1672 1454 1738 CRASSUS
1481 1721 1499 1755 ‚
1554 1677 1834 1758 quoniam
1886 1694 2023 1756 ego,
2078 1696 2195 1757 quo
2235 1675 2470 1738 facilius
2501 1694 2604 1736 vos

376 1762 532 1839 apud
562 1780 660 1821 me
688 1770 981 1830 tenerem,
1026 1768 1256 1822 vestrae
1297 1763 1495 1840 potius
1536 1761 1853 1822 obsecutus
1893 1780 2026 1822 sum
2065 1760 2381 1831 voluntati,
2428 1779 2602 1841 quam

379 1855 479 1906 aut
509 1844 923 1905 consuetudini
946 1853 1046 1905 aut
1068 1852 1314 1906 naturae
1343 1864 1530 1916 meae,
1562 1847 1818 1925 petimus
1849 1845 1921 1907 ab
1934 1845 2207 1917 Antonio,
2238 1853 2304 1906 ut
2336 1864 2421 1916 ea,
2453 1864 2603 1925 quae

377 1930 642 1989 continet
670 1947 862 2009 neque
894 1929 1086 1990 adhuc
1117 1929 1386 2009 protulit,
1432 1949 1507 1991 ex
1536 1930 1749 2010 quibus
1791 1948 1976 1993 unum
2005 1930 2272 1992 libellum
2304 1930 2419 1992 sibi
2448 1932 2604 1991 exci-

377 2013 530 2074 disse
564 2009 725 2094 [iam]
755 2013 975 2075 dudum
1009 2021 1249 2093 questus
1280 2022 1385 2086 est,
1420 2014 1674 2094 explicet
1704 2015 1876 2077 nohis
1908 2024 1966 2077 et
1992 2015 2092 2076 illa
2123 2014 2361 2076 dicendi
2390 2022 2605 2095 myste-

374 2100 462 2159 ria
495 2098 795 2159 enuntiet?

543 2183 620 2244 Ut
647 2183 906 2253 videtur,
953 2185 1145 2264 inquit
1190 2180 1593 2247 SULPICIUS:
1641 2202 1779 2246 nam
1820 2187 2074 2248 Antonio
2117 2185 2383 2258 dicente,
2431 2186 2605 2246 etiam

375 2266 518 2349 quid
548 2274 612 2327 tu
641 2266 970 2345 intellegaS,
1003 2270 1352 2331 sentiemus,

535 2352 681 2415 Peto
710 2355 918 2431 igitur,
950 2356 1144 2435 inquit
1174 2351 1530 2435 CRASSUS,-
1552 2375 1585 2417 a
1614 2364 1691 2427 te,
1724 2358 2003 2438 quoniam
2035 2357 2097 2417 id
2128 2356 2334 2430 nobiS,
2366 2357 2600 2426 Antoni,

243 1001 347 1053 205

243 1691 347 1743 206

233 2364 334 2414 ‘207
363 2369 367 2374 ”

439 2520 701 2574 Socratem
726 2534 820 2576 etc.
856 2524 981 2573 Eine
1006 2524 1298 2575 wiirtlich
1324 2535 1433 2576 ent-

369 2590 688 2656 sprechende
722 2593 1052 2658 Aeusserung
1093 2593 1185 2643 des
1220 2593 1274 2643 S.
1308 2594 1433 2643 wird

370 2658 477 2708 sich
492 2659 785 2709 schwerlich
797 2662 877 2710 bei
887 2661 1029 2711 Plato
1042 2661 1125 2710 od.
1142 2660 1432 2727 Xenophon

368 2724 629 2776 aufflnden
644 2728 839 2787 lassen3
865 2728 958 2777 mit
970 2729 1085 2778 dem
1097 2744 1293 2793 ganzen
1303 2729 1430 2778 Ver·
1460 2747 1472 2756 ·

367 2792 547 2843 fahren
583 2794 689 2843 und
721 2795 810 2844 der
841 2795 1082 2845 Tendenz
1115 2796 1206 2846 des
1232 2796 1286 2847 S.
1312 2798 1434 2847 aber

368 2859 503 2910 steht
522 2861 614 2911 das
632 2860 743 2910 hier
753 2861 1022 2912 Erwz'ihnte
1040 2864 1089 2912 iu
1110 2864 1295 2913 vollem
1309 2864 1429 2913 Ein-

367 2927 548 2993 klang,
593 2926 817 2977 insofern
866 2944 920 2978 er
960 2930 1137 2980 seinen
1182 2930 1429 2982 Schiilern

370 2996 498 3045 eben
523 2994 660 3045 nicht
684 2996 762 3045 ein
784 2994 1014 3061 fertiges,
1035 2997 1426 3062 geschlossenes

368 3062 572 3127 System
597 3078 697 3113 von
710 3063 1038 3114 Wahrheiten
1063 3074 1286 3131 vortrug,
1302 3081 1424 3117 son-

367 3131 493 3181 dern
529 3132 581 3181 in
618 3131 772 3182 ihnen
810 3132 1062 3193 dadurch,
1109 3134 1228 3184 dass
1265 3150 1318 3184 er
1353 3135 1429 3185 sie

1536 2528 1582 2576 11
1606 2524 1690 2585 65,
1716 2535 1795 2576 262
1816 2526 1928 2576 dixi
1952 2526 2087 2576 enim
2112 2527 2324 2590 dudum,
2350 2527 2600 2575 rationem

1536 2594 1686 2643 aliam
1708 2609 1822 2644 esse
1841 2594 1955 2655 ioci,
1967 2595 2116 2646 aliam
2136 2594 2439 2644 severitatis.
2460 2594 2605 2656 Brut,

1535 2660 1631 2725 36,
1658 2671 1761 2721 1383
1794 2662 1889 2726 72,
1915 2671 1992 2713 252
2014 2669 2071 2712 nt
2094 2662 2284 2712 dudum
2310 2663 2374 2712 de
2398 2661 2598 2712 Laelio-

1535 2745 1646 2780 rum
1696 2738 1746 2780 et
1786 2730 2068 2781 Muciorum
2110 2730 2314 2780 familiis
2355 2729 2600 2780 audieba—

1543 2814 1679 2848 mus·

1603 2872 1808 2931 questus
1832 2872 1926 2927 est,
1952 2866 2046 2915 mit
2056 2865 2378 2930 Anspielung
2400 2864 2493 2914 auf
2514 2865 2597 2914 die

1535 2933 1785 2983 bekannte
1810 2931 1980 2983 Scheu
2012 2933 2102 2983 des
2127 2933 2405 2994 Antonius,
2445 2941 2598 2982 etwas

1534 3017 1599 3050 zu
1621 3000 2054 3052 verdffentliehen.
2103 3017 2157 3067 p.
2184 3000 2383 3053 cluent,
2410 2998 2495 3063 50,
2523 3008 2598 3049 140

1528 3068 1798 3120 Hominem
1846 3070 2169 3133 ingeniosum
2210 3069 2275 3118 M.
2319 3068 2596 3117 Antonium

1530 3136 1675 3186 aiunt
1708 3138 1914 3187 solitum
1950 3151 2066 3187 esse
2100 3137 2293 3198 dicere,
2327 3136 2514 3185 idcirco
2539 3150 2597 3184 se

364 3214 466 3249 von
516 3200 606 3250 der
646 3199 955 3266 Nichtigkeit
1009 3200 1142 3251 ihres
1189 3202 1428 3253 Wissens

366 3268 702 3333 iiberzeugte‚
741 3269 831 3319 das
881 3268 1096 3319 Streben
1138 3269 1265 3320 nach
1312 3271 1428 3321 dem

364 3335 566 3387 wahren
589 3337 822 3399 Wissen‚
849 3338 1005 3387 sowie
1028 3337 1278 3401 dadurch,
1307 3332 1427 3389 dass

363 3419 418 3453 er
440 3404 607 3455 rechts
629 3406 731 3455 und
754 3404 889 3454 links
916 3405 998 3454 die
1016 3405 1244 3455 falschen
1264 3406 1427 3471 Wege

361 3472 634 3535 abschnitt,
661 3474 752 3523 das
770 3474 1136 3538 Verlangen
1161 3473 1289 3524 nach
1311 3475 1426 3524 dem

361 3539 567 3590 rechten
592 3541 757 3605 Wege
784 3557 849 3590 zu
875 3542 1201 3592 erwecken
1228 3541 1425 3597 suchte.

429 3609 493 3659 ab
515 3609 610 3659 hoc
633 3624 707 3659 sc.
729 3609 931 3659 Crasso,

427 3684 522 3726 205.
568 3676 816 3740 breviter,
862 3678 892 3737 ξ
921 3676 1033 3727 148.
1102 3680 1426 3742 confiterere,

361 3741 392 3809 S
418 3742 533 3795 137.
584 3753 772 3807 tamen,
801 3744 1132 3810 ‘allerdiugs’.
1182 3748 1227 3795 11
1251 3746 1334 3805 22,
1356 3755 1424 3795 91.

426 3820 521 3862 206.
556 3814 935 3872 consuetudini,
972 3815 1016 3863 ΙΙ
1052 3814 1110 3873 4,
1150 3822 1212 3864 15.
1270 3813 1372 3878 vgl.
1402 3815 1423 3863 1

265 3869 268 3874 ’
359 3876 450 3941 35,
477 3887 569 3931 163.

427 3949 672 4007 continet,
721 3948 835 4014 wie,
857 3949 1171 4013 verborgene
1206 3947 1422 3998 Schfitze

302 4053 311 4064 .
359 4013 412 4062 in
438 4014 528 4063 der
540 4014 958 4066 Schatzkammer
981 4018 1150 4066 seines
1162 4017 1419 4068 Wissens.

362 4109 377 4116 -
427 4082 610 4130 dudum
641 4083 804 4144 (deun
838 4084 939 4131 iam
974 4083 1154 4147 gehiirt
1198 4084 1335 4133 nicht
1368 4086 1420 4134 in

360 4146 459 4195 den
485 4145 665 4207 Text),
693 4148 904 4197 ‘vorhin’
933 4150 1054 4200 oder
1089 4153 1254 4202 ‘oben’
1297 4149 1328 4215 S
1352 4149 1420 4200 94

1530 3204 1721 3254 nullam
1742 3219 1980 3266 umquam
2005 3205 2283 3253 orationem
2307 3204 2595 3269 scripsisse,

1529 3279 1600 3334 ut,
1612 3272 1659 3321 si
1677 3272 1796 3336 quid
1817 3272 2090 3334 aliquando
2108 3286 2211 3321 non
2230 3285 2362 3337 opus
2380 3277 2517 3321 esset
2533 3271 2596 3319 ab

1530 3355 1588 3389 se
1607 3354 1721 3389 esse
1745 3340 1955 3404 dictum,
1979 3349 2155 3405 posset
2178 3353 2363 3404 negare
2382 3339 2595 3390 dixisse.

1595 3409 1837 3473 mysteria
1869 3423 2021 3473 --.p.
2047 3407 2176 3459 Mur.
2214 3405 2301 3468 11,
2326 3416 2378 3457 25
2412 3406 2595 3456 deinde

1530 3475 1731 3525 etiamsi
1748 3475 1870 3539 quid
1886 3476 2026 3541 apud
2042 3476 2259 3524 maiores
2280 3481 2479 3524 nostros
2500 3473 2595 3523 fuit

1527 3543 1577 3591 in
1605 3543 1702 3592 isto
1736 3543 1905 3593 studio
1930 3543 2310 3601 admirationis,
2343 3542 2398 3591 id
2430 3558 2591 3592 enun-

1532 3612 1672 3661 tiatis
1696 3611 1881 3661 vestris
1904 3612 2158 3676 mysteriis
2183 3616 2348 3659 totum
2374 3619 2451 3659 est
2473 3625 2594 3660 con-

1530 3686 1777 3744 temptum
1803 3687 1851 3728 et
1872 3679 2144 3728 abiectum.
2179 3678 2331 3727 Tusc.
2357 3678 2428 3726 IV
2440 3677 2523 3738 25,
2541 3686 2592 3726 55

1530 3761 1594 3796 nc
1616 3747 1873 3797 rhetorum
1896 3748 2185 3811 aperiamus
2206 3747 2467 3810 mysteria.

1596 3816 1721 3880 quid
1755 3822 1808 3864 tu
1832 3816 2128 3880 intelleyas,
2162 3814 2456 3873 &eudemum
2484 3812 2591 3861 ‘wir

1528 3882 1731 3931 werden
1756 3880 1990 3931 erfahren
2016 3882 2138 3931 oder
2160 3880 2414 3946 gewahr
2431 3895 2552 3930 wer
2566 3909 2589 3916 -

1527 3950 1598 3999 de
1615 3965 1644 3999 n
1674 3948 1859 4014 (durch
1883 3950 1982 3999 den
2007 3948 2166 3999 Mund
2190 3949 2281 3999 des
2306 3944 2589 4010 Antonius)

1524 4032 1629 4067 was
1650 4015 2040 4068 dusiirGedan
2057 4018 2175 4067 ken
2198 4014 2364 4080 hast’3
2385 4016 2476 4065 der
2490 4016 2587 4064 iib-

1525 4084 1688 4134 lichen
1724 4085 2064 4150 Umstellung:
2089 4123 2098 4130 .
2118 4084 2242 4148 quid
2280 4090 2337 4133 tu
2378 4084 2585 4142 sentias,

1524 4152 1879 4216 intellegemus
1907 4152 2087 4203 bedarf
2106 4167 2159 4202 es
2187 4149 2345 4201 nicht.
