2930 4693
503 231 610 305 ‚22
1175 226 1272 289 DE
1304 224 1660 289 ORATORE
1688 225 1714 287 1
1750 226 1846 286 11.
1877 230 2118 284 43—45.

530 396 605 457 de
629 396 812 457 animi
827 394 1315 476 permotionibus,
1344 393 1488 455 nihil
1514 393 1587 454 de
1605 394 1911 459 hominum
1933 392 2219 465 moribus,
2252 393 2402 456 nihil
2429 393 2506 461 de
2536 395 2766 459 ratione

531 482 681 542 vitae
711 479 1013 551 didicisse,
1045 479 1193 540 nihil
1224 481 1469 541 omnino
1501 481 1825 560 quaesisse,
1858 478 2009 541 nihil
2037 480 2192 540 seire
2220 482 2680 549 convincerent;
2712 488 2767 540 et

530 584 664 627 cum
696 566 956 627 universi
984 567 1048 625 in
1091 573 1149 626 te
1178 566 1467 644 impetum
1498 564 1803 634 fecissent,
1850 560 1976 626 tum
2008 563 2278 642 singulae
2307 564 2569 626 familiae
2601 563 2765 635 litem

416 662 484 714 43
527 649 636 711 tibi
658 649 1055 711 intenderent.
1108 649 1366 711 Instaret
1392 648 1736 720 Academia,
1769 668 1952 729 quae,
1984 648 2271 730 quidquid
2301 649 2583 720 dixisses,
2618 649 2682 711 id
2715 657 2766 710 te

527 736 721 815 ipsum
774 752 993 814 negare
1035 741 1293 814 cogeret.
1378 732 1569 796 Stoici
1610 752 1750 796 vero
1790 733 1981 796 nost'ri
2026 734 2490 815 disputationum
2522 752 2766 795 suarum

528 827 704 900 atque
745 821 1280 899 interrogationum
1319 818 1545 899 laqueis
1586 827 1643 880 te
1684 821 1983 881 irretitum
2018 826 2311 881 tenerent.
2382 820 2769 899 Peripatetici

529 911 727 966 autem
770 905 948 965 etiam
988 903 1134 965 haec
1176 906 1305 984 ipsa
1327 949 1344 974 ,
1396 923 1549 984 quae
1590 906 1834 984 propria
1874 910 2179 966 oratorum
2220 913 2394 985 putas
2435 922 2569 966 esse
2600 903 2767 967 adiu-

528 997 730 1051 menta
758 996 934 1069 atque
968 995 1317 1050 ornamenta
1348 988 1614 1061 dicendi,
1658 1007 1691 1049 a
1732 1007 1796 1049 se
1836 991 1962 1069 peti
2002 991 2310 1050 vincerent
2337 996 2659 1070 oportere;
2702 1005 2768 1049 ac

529 1092 652 1136 non
693 1073 883 1135 solum
925 1072 1203 1146 meliora,
1246 1073 1350 1134 sed
1382 1075 1561 1136 etiam
1590 1073 1776 1135 multo
1805 1074 1978 1153 plura
2007 1073 2383 1136 Aristotelem
2414 1074 2769 1154 Theophra·

529 1166 803 1239 stumque
845 1158 919 1219 de
947 1160 1076 1220 istis
1105 1158 1314 1230 rebus,
1357 1178 1533 1239 quam
1575 1177 1782 1220 omnes
1822 1159 2059 1221 dicendi
2099 1160 2414 1238 magistros
2454 1160 2769 1239 scripsisse

416 1257 485 1308 44
530 1245 929 1321 ostenderent.
1002 1244 1211 1306 Missos
1250 1243 1404 1305 facio
1443 1245 1921 1315 mathematicoS,
1978 1245 2425 1323 grammaticos,
2481 1245 2767 1314 musicos,

532 1347 784 1408 quorum
826 1328 1052 1391 artibus
1079 1337 1274 1391 vestra
1302 1331 1415 1390 ista
1444 1329 1683 1390 dicendi
1712 1331 1797 1390 vis
1827 1348 1903 1391 ne
1933 1331 2179 1391 minima
2209 1328 2448 1410 quidem
2476 1330 2769 1391 societate

532 1415 927 1492 coniungitur.
974 1414 1371 1486 Quamobrem
1391 1415 1503 1475 ista
1515 1421 1678 1477 tanta
1699 1422 1938 1495 tamque
1961 1414 2144 1476 multa
2166 1413 2517 1494 profitenda,
2532 1414 2768 1484 crasse,

531 1516 654 1560 non
684 1517 917 1561 censeo.
978 1499 1133 1561 Satis
1162 1499 1220 1560 id
1254 1506 1343 1560 est
1370 1517 1653 1578 magnum
1671 1547 1685 1571 ,
1719 1499 1875 1579 quod
1905 1506 2075 1579 potes
2102 1506 2439 1579 praestare,
2483 1505 2550 1560 ut
2576 1500 2650 1559 in
2678 1500 2769 1560 iu-

531 1583 699 1645 diciis
742 1603 811 1646 ea
859 1602 1064 1656 causa,
1113 1602 1546 1664 quamcumque
1587 1591 1651 1645 tu
1682 1584 1856 1655 dicis,
1901 1582 2116 1646 melior
2144 1592 2205 1645 et
2232 1582 2601 1664 probabilior
2635 1601 2769 1645 esse

529 1669 826 1739 videatur;
869 1677 936 1731 ut
975 1671 1034 1730 in
1067 1668 1444 1731 contionibus
1475 1671 1624 1730 etin
1654 1670 1964 1730 sententiis
1995 1668 2262 1730 dicendis
2292 1668 2363 1730 ad
2396 1669 2769 1749 persuaden-

531 1753 671 1817 dum
712 1762 812 1816 tua
854 1753 1175 1833 plurimum
1219 1753 1409 1815 valeat
1438 1756 1658 1824 oratio;
1713 1753 1969 1834 denique
2000 1761 2065 1815 ut
2093 1753 2487 1832 prudentibus
2517 1753 2768 1825 diserte,

529 1839 723 1902 stultis
748 1841 930 1901 etiam
962 1857 1100 1900 vere
1132 1838 1367 1900 videare
1396 1838 1615 1900 dicere.
1675 1839 1804 1900 Hoc
1833 1838 2084 1919 amplius
2113 1840 2164 1899 si
2193 1838 2334 1919 quid
2364 1840 2606 1919 poteriS,
2642 1856 2771 1902 non

527 1925 590 1985 id
627 1925 776 1985 mihi
824 1923 1115 1984 videbitur
1157 1930 1357 1985 orator
1377 1971 1394 1996 ,
1437 1924 1544 1985 sed
1585 1924 1830 1986 Crassus
1873 1941 1978 1986 sua
2019 1923 2274 2004 quadam
2314 1925 2556 2004 propria
2578 1970 2593 1994 ,
2645 1941 2772 1985 non

530 2010 833 2070 communi
860 2014 1164 2069 oratorum
1193 2008 1470 2070 facultate
1498 2028 1690 2088 posse.

705 2094 856 2154 Tum
886 2091 1053 2164 ille,
1086 2094 1219 2155 Non
1246 2112 1396 2164 sum,
1427 2093 1635 2174 inqu'it,
1668 2095 1918 2165 nescius,
1951 2092 2248 2164 Scaevola,
2276 2094 2385 2154 ista
2407 2094 2565 2155 inter
2577 2093 2773 2157 Grae·

537 2196 639 2241 cos
670 2178 788 2239 dici
817 2185 876 2238 et
905 2177 1221 2258 disceptari
1251 2178 1462 2240 solere.
1534 2178 1741 2240 Audivi
1781 2182 1940 2241 enim
1987 2198 2251 2240 summos
2281 2177 2580 2249 homines,
2626 2197 2775 2241 cum

530 2273 806 2344 quaestor
849 2281 923 2324 ex
962 2263 1305 2325 Macedonia
1347 2265 1641 2325 venissem
1672 2264 1959 2334 AthenaS,
2002 2265 2254 2326 florente
2295 2262 2645 2334 Academia,
2709 2272 2776 2325 ut

532 2348 898 2430 temporibus
927 2346 1043 2410 illis
1073 2349 1402 2423 ferebatur,
1457 2368 1593 2414 cum
1635 2368 1763 2412 eam
1796 2350 2156 2413 Charmadas
2187 2357 2248 2411 et
2276 2346 2683 2412 Clitomachus
2717 2358 2777 2411 et

362 2105 525 2176 1145

601 2538 725 2588 nihil
755 2563 825 2573 --
863 2540 1020 2588 soe're.

528 2604 619 2668 23,
654 2614 704 2655 74
751 2605 944 2656 Socrati
987 2606 1111 2656 nihil
1155 2632 1220 2641 —
1265 2606 1433 2655 visum
1475 2605 1596 2654 sciri

527 2688 708 2740 posse3
755 2674 955 2740 excepit
985 2688 1144 2724 unum
1181 2681 1403 2736 tantum,
1440 2673 1594 2724 ‘scire

526 2757 608 2800 se,
633 2743 759 2792 nihil
777 2758 834 2793 se
856 2743 1026 2793 scire!

1073 2534 1105 2604 S
1150 2534 1267 2588 204.
1338 2536 1500 2587 Aead.
1549 2538 1595 2586 11
1696 2538 1857 2587 cerint
1885 2538 2078 2590 obitum
2113 2537 2222 2588 eius
2256 2537 2565 2603 reipublicae
2596 2536 2777 2589 fuisse

1698 2606 1889 2656 utilem.

1762 2697 1830 2738 44.
1856 2690 1911 2739 in
1932 2692 2198 2741 sentenciis
2220 2692 2464 2749 dicendis,
2489 2689 2557 2739 im
2577 2689 2777 2748 Senam

1696 2758 1858 2806 —im
1880 2772 1997 2823 gen.
2023 2758 2130 2808 iud.
2157 2775 2209 2809 u.
2237 2759 2389 2809 delib.
2426 2756 2557 2807 nach
2580 2759 2775 2809 seinen

594 2811 887 2861 universi—
901 2808 1180 2874 gleichsam
1201 2807 1283 2860 ‘en
1296 2806 1502 2870 masse’,
1518 2808 1594 2859 als

533 2893 598 2927 zu
625 2878 763 2927 einer
786 2891 1001 2941 grosseti
1027 2876 1469 2927 Verwandtschaft
1501 2891 1590 2941 ge

528 2943 691 3010 herig,
712 2960 827 2995 cum
849 2959 1025 2995 omnes
1044 2959 1102 2994 se
1114 2944 1397 2995 Socraticos
1423 2954 1474 2994 et
1491 2944 1594 2994 dici

527 3012 717 3063 vellent
741 3021 790 3063 et
814 3027 930 3064 esse
946 3013 1323 3073 arbitrarentur,
1345 3010 1509 3074 11116,
1522 3021 1589 3063 61.

528 3096 580 3146 p.
608 3079 742 3131 Sest.
769 3079 860 3142 35,
888 3089 955 3131 76.

595 3150 825 3213 sinqulae
833 3149 1075 3212 smniliae,
1082 3148 1104 3213 j
1112 3148 1203 3197 ede
1215 3147 1591 3214 Philosophen-

529 3215 704 3266 schule
725 3216 808 3267 fiir
830 3216 965 3279 sich,
999 3216 1223 3270 insofern
1255 3216 1378 3279 jede
1401 3216 1590 3267 wieder

529 3284 644 3334 eine
657 3285 936 3335 besondere
948 3285 1277 3351 Corporation
1289 3285 1481 3335 bildete
1499 3285 1590 3334 mit

527 3353 694 3403 einem
736 3352 1028 3433 Oberhaupt
1076 3352 1378 3419 (gleichsam
1421 3353 1593 3402 Fami-

527 3421 797 3484 lienvater,
832 3412 1090 3489 ἡγεμών,
1127 3413 1493 3488 καθηγητής)
1527 3436 1589 3470 an

526 3489 616 3538 der
641 3488 835 3555 Spitze.

591 3565 660 3608 43.
698 3558 864 3609 nostri
890 3555 1056 3617 11,ιὸ
1088 3557 1316 3608 Panaetii
1336 3557 1476 3607 illius
1500 3557 1594 3607 tui.

528 3624 658 3676 Einl.
686 3627 762 3687 IS
787 3624 879 3688 14,
903 3634 994 3677 164.
1021 3635 1119 3677 165.

595 3708 726 3759 quae
759 3702 855 3744 etc.
891 3720 956 3731 —
988 3694 1169 3744 Einem
1202 3707 1261 3744 so
1293 3694 1462 3759 prakt.
1497 3693 1594 3743 Ju-

524 3763 684 3813 risten
704 3762 796 3812 wie
809 3761 892 3812 Se.
906 3770 1101 3812 musste
1121 3762 1371 3812 derakad.
1387 3759 1592 3811 Grund—

525 3839 635 3880 satz
655 3830 727 3895 (s.
742 3827 884 3894 ind.)
908 3829 1027 3880 sehr
1051 3830 1330 3881 sonderbar
1353 3830 1596 3879 vorkom·

525 3912 668 3960 men,
695 3897 854 3949 daher
878 3897 962 3948 die
984 3897 1239 3948 ironische
1265 3899 1503 3962 Fassung
1514 3897 1593 3960 je·

526 3980 617 4016 nes
640 3966 886 4033 Principe.
923 3968 1184 4017 vincerent
1204 3967 1298 4017 wie
1323 3968 1451 4016 eben
1475 3967 1508 4027 5
1524 3965 1591 4014 42

524 4034 882 4084 convincerent
913 4034 992 4084 bis
1029 4051 1118 4084 zur
1141 4034 1368 4084 Evidenz
1402 4034 1591 4083 bewei·

526 4116 635 4151 sen.
685 4103 731 4151 ΙΙ
754 4101 848 4163 43,
875 4110 967 4152 180.
1007 4111 1099 4151 182.
1147 4103 1214 4152 ad
1235 4102 1377 4152 Fam.
1403 4100 1478 4150 XI
1503 4100 1589 4164 28,

525 4178 552 4217 2
577 4168 734 4217 Aiunt
758 4170 891 4217 enim
916 4169 1127 4234 patriam
1157 4169 1408 4220 amicitiae
1443 4183 1590 4234 prae·

526 4235 817 4301 ponendam
839 4250 979 4297 esse,
1004 4237 1216 4299 proinde
1240 4251 1300 4288 ac
1321 4240 1368 4288 si
1392 4239 1496 4295 iam
1517 4237 1593 4287 vi-

1698 2826 1878 2875 beiden
1893 2824 2091 2877 Seiten:
2120 2827 2210 2877 der
2222 2827 2365 2877 Rede
2383 2840 2476 2876 vor
2494 2827 2612 2876 dem
2623 2823 2776 2876 Volli

1695 2894 1748 2943 in
1775 2894 1866 2944 der
1889 2895 2057 2944 contio
2093 2895 2198 2944 und
2223 2894 2314 2944 der
2337 2894 2481 2945 Rede
2512 2891 2622 2958 (bei
2652 2895 2775 2944 Ab-

1694 2963 2040 3043 stimmungen
2051 2977 2101 3014 u.
2114 2963 2775 3029 Meinungsiiusserungen)

1692 3029 2002 3164 ιωάῗῖἳὲιῖἒ,
2031 3097 2142 3148 ‘mit
2166 3097 2527 3160 einemW0rt‚'
2553 3111 2640 3147 um
2663 3098 2772 3149 den

1693 3164 1971 3216 Gedauken
1995 3165 2433 3217 abzuschliessen.

1756 3251 2090 3316 prudentibus
2113 3252 2211 3302 den
2238 3250 2652 3316 Sachkundigen,
2683 3252 2774 3301 die

1694 3333 1875 3369 ausser
1908 3320 2021 3369 dem
2057 3318 2302 3385 richtigen
2328 3318 2495 3369 Inhalt
2517 3317 2647 3368 auch
2678 3319 2779 3369 aui'

1697 3388 1810 3436 eine
1833 3387 2072 3464 gefallige
2089 3387 2238 3437 Form
2262 3386 2641 3446 sehen381ultis
2661 3387 2770 3437 den

1693 3454 1868 3514 Laien,
1889 3444 1971 3505 die
1990 3455 2176 3520 jedoch
2201 3454 2330 3505 nach
2355 3455 2406 3505 d.
2433 3454 2768 3505 unmittelba·

1694 3538 1782 3572 ren
1803 3523 2061 3573 Eindruck
2084 3524 2210 3573 iiber
2233 3523 2315 3572 die
2326 3521 2634 3588 Richtigkeit
2654 3523 2770 3573 und

1666 3589 1963 3640 ‘Wahrheit
2006 3592 2097 3642 der
2128 3590 2453 3657 Darstellnng
2487 3591 2568 3640 ein
2603 3590 2769 3641 Urteil

1693 3658 1879 3711 haben.

1767 3743 1853 3804 ll,
1878 3751 1946 3794 45.
1983 3743 2539 3809 Erwiderungdes
2568 3743 2768 3795 Cras·

1694 3828 1806 3863 sus
1863 3811 1976 3863 auf
2016 3810 2332 3862 Scfivolas
2380 3810 2769 3878 Gegenrede

1692 3877 1814 3945 (11,
1840 3878 2072 3939 45—17,
2099 3880 2190 3944 74).

1761 3956 2018 4014 quaestor,
2038 3916 2170 3998 E'2in1.
2190 3945 2357 4010 1310,
2377 3956 2445 3999 84.
2458 3948 2767 4011 Academia,

1693 4017 1777 4067 die
1801 4032 1987 4067 neuere
2012 4016 2163 4080 (oder
2186 4015 2363 4080 dritte)
2387 4015 2694 4067 Akademie.

1756 4100 2049 4164 ferebatur,
2100 4100 2213 4150 weil
2258 4100 2475 4151 Crassus
2526 4099 2633 4150 sicli
2678 4101 2765 4152 ein

1694 4169 2068 4234 selbstandiges
2080 4169 2232 4219 Urteil
2260 4169 2308 4217 in
2337 4169 2502 4218 dieser
2527 4168 2768 4220 Hirnsiclit

1695 4235 1831 4285 nicht
1857 4244 2102 4287 zutraute.
