2930 4693
890 241 988 305 DE
1020 238 1377 306 ORATORE
1408 244 1433 304 Ι
1465 244 1524 306 6.
1565 250 1819 304 18—20.
2390 255 2468 317 13

212 419 530 474 venustate
582 419 756 493 atque
804 412 1139 476 urbanitate
1191 415 1525 476 coniuncta.
1631 414 1913 477 Tenenda
1952 425 2267 498 praeterea
2314 415 2468 504 [est]
2503 427 2569 479 18

215 500 423 560 omnis
462 499 779 578 antiquitas
819 498 1346 580 exemplorumque
1374 501 1488 570 vis,
1537 518 1731 581 neque
1762 500 1959 581 legum
2006 519 2074 564 ac
2105 503 2253 564 iuris
2282 504 2470 567 civilis

213 583 475 645 scientia
503 582 871 662 neglegenda
902 591 1009 646 est.
1054 584 1202 645 Nam
1232 584 1372 665 quid
1397 603 1508 664 ego
1532 584 1606 646 de
1629 587 1860 647 actione
1883 588 2010 667 ipsa
2042 586 2215 667 plura
2240 587 2469 651 dicam?

212 686 379 749 quae
408 675 575 730 motu
606 670 903 748 corporis,
937 687 1087 748 quae
1117 677 1318 748 gestu,
1351 688 1503 750 quae
1536 669 1721 741 vultu,
1754 689 1907 752 quae
1935 673 2096 733 vocis
2125 673 2465 735 conforma·

212 756 389 815 tione
434 772 502 813 ac
541 755 823 814 varietate
866 752 1231 815 moderanda
1264 761 1381 825 est;
1415 773 1567 835 quae
1598 755 1719 817 sola
1749 773 1862 835 per
1890 774 1955 818 se
1983 757 2112 837 ipsa
2142 766 2359 837 quanta
2389 760 2468 821 sit

213 839 584 900 histrionum
625 837 770 899 levis
800 857 897 899 ars
940 845 999 900 et
1039 857 1217 901 scena
1249 838 1539 911 declarat;
1582 843 1646 901 in
1695 859 1810 920 qua
1854 859 1989 903 cum
2020 860 2227 903 omnes
2253 844 2318 903 in
2347 844 2470 905 oris

213 931 285 984 et
327 924 489 983 vocis
519 930 580 984 et
607 930 803 985 motus
833 923 1242 985 moderatione
1273 923 1609 996 elaborent,
1654 927 1786 1005 quis
1814 927 2053 1005 ignorat
2080 945 2257 1007 quam
2286 930 2462 1007 pauci

211 1010 345 1071 sint
374 1008 741 1088 fuerintque,
774 1025 921 1088 quos
950 1011 1149 1071 animo
1179 1028 1368 1090 aequo
1397 1017 1668 1090 spectare
1698 1012 2029 1091 possimus?
2088 1012 2242 1085 Quid
2273 1012 2466 1075 dicam

213 1094 300 1154 de
344 1092 627 1154 thesauro
669 1111 871 1155 rerum
914 1096 1207 1166 omnium,
1251 1096 1575 1156 memoria?
1617 1114 1769 1176 quae
1811 1097 1927 1158 nisi
1970 1104 2169 1159 custos
2207 1098 2466 1159 inventis

212 1179 615 1258 cogitatisque
643 1177 826 1239 rebus
855 1185 915 1239 et
941 1179 1139 1241 verbis
1169 1179 1553 1251 adhibeatur,
1585 1179 1988 1260 intellegimus
2018 1183 2215 1244 omnia
2236 1230 2252 1254 ,
2288 1184 2468 1245 etiam

213 1266 274 1324 si
303 1262 781 1343 praeclarissima
811 1263 1039 1326 fuerint
1066 1267 1129 1326 in
1160 1271 1427 1336 oratore,
1458 1266 1745 1345 peritura.

394 1347 794 1420 Quamobrem
844 1350 1051 1411 mirari
1106 1349 1474 1420 desinamus,
1528 1369 1679 1431 quae
1732 1369 1906 1412 causa
1947 1352 2024 1413 sit
2063 1350 2468 1431 eloquentium

210 1434 550 1515 paucitatiS,
584 1452 717 1494 cum
745 1452 816 1494 ex
848 1435 933 1494 eis
962 1434 1143 1495 rebus
1172 1437 1461 1497 universis
1494 1435 1827 1516 eloquentia
1871 1443 2128 1507 constet,
2160 1438 2224 1497 in
2255 1436 2469 1518 quibus

211 1517 471 1597 singulis
485 1517 792 1579 elaborare
805 1538 1196 1599 permagnum
1220 1527 1324 1591 est,
1340 1520 1766 1601 hortemurque
1778 1521 1976 1600 potius
1989 1519 2210 1582 liberos
2233 1529 2470 1584 nostros

213 1611 574 1684 ceterosque
590 1651 604 1673 ,
652 1622 907 1684 quorum
939 1604 1126 1683 gloria
1157 1604 1328 1667 nobis
1359 1614 1418 1667 et
1448 1605 1706 1685 dignitas
1736 1623 1874 1667 cara
1905 1613 2021 1676 est,
2053 1613 2123 1666 ut
2151 1607 2350 1667 animo
2381 1607 2472 1668 rei

210 1687 692 1768 magnitudinem
724 1689 1195 1768 complectantur
1215 1708 1409 1771 neque
1432 1692 1519 1751 eis
1548 1697 1648 1751 aut
1675 1692 2012 1771 praeceptis
2042 1697 2143 1751 aut
2169 1693 2469 1770 magistris

212 1782 325 1836 aut
356 1773 896 1842 exercitationibus.
932 1773 1146 1855 quibus
1178 1782 1423 1836 utuntur
1453 1793 1692 1847 omnes,
1725 1776 1830 1838 sed
1862 1773 1991 1836 aliis
2020 1774 2372 1856 quibusdam
2403 1794 2468 1837 se

210 1859 299 1929 id,
333 1858 491 1939 quod
524 1866 837 1938 expetunt,
871 1861 1156 1941 consequi
1183 1878 1359 1939 posse
1389 1860 1707 1923 confidant.
1780 1861 1865 1923 Ac
1895 1879 2028 1923 mea
2057 1860 2299 1941 quidem
2330 1879 2466 1923 sen·
2498 1855 2540 1928 6
2569 1863 2638 1915 ²⁰

210 1945 406 2006 tentia
451 1961 626 2004 nemo
673 1946 896 2023 poterit
935 1962 1066 2007 esse
1107 1946 1269 2006 omni
1308 1945 1482 2007 laude
1526 1944 1857 2011 cumulatus
1898 1953 2131 2016 orator,
2192 1946 2309 2006 nisi
2351 1948 2467 2007 erit

214 2030 490 2091 omnium
553 2045 757 2089 rerum
820 2046 1173 2108 magnarum
1225 2038 1400 2110 atque
1451 2032 1669 2092 artium
1717 2032 2029 2093 scientiam
2094 2039 2466 2093 consecutus.

212 2115 457 2176 Etenim
499 2131 572 2174 ex
601 2131 806 2174 rerum
834 2116 1174 2194 cognitione
1206 2114 1543 2178 efflorescat
1574 2122 1634 2177 et
1663 2115 1963 2178 redundet
1991 2122 2229 2196 oportet
2257 2118 2468 2187 oratio,

216 2201 321 2261 cui
342 2200 458 2259 nisi
478 2195 824 2270 subest'res,
859 2199 932 2260 ab
958 2208 1194 2262 oratore
1216 2209 1500 2281 percepta
1525 2209 1583 2262 et
1614 2202 1867 2279 cognita,
1898 2202 2139 2261 inanem
2169 2200 2464 2281 quandam

2518 1371 2579 1421 19

290 2361 360 2404 18.
392 2352 635 2404 Tenenda
647 2360 1004 2417 praeterea—
1026 2353 1300 2418 (estbleibt
1399 2353 1528 2405 Was
1554 2355 1648 2405 das
1674 2354 1776 2414 sei,
1800 2352 1941 2404 fiihrt
1966 2353 2070 2405 Cic.
2095 2353 2263 2421 gleich
2287 2354 2475 2405 darauf

218 2422 320 2473 mit
344 2419 441 2471 den
463 2421 1089 2487 bestean.lieberweg).
1113 2422 1196 2473 Or.
1209 2421 1296 2487 34,
1398 2423 1450 2472 in
1489 2424 1580 2474 der
1613 2422 1778 2472 Kfirze
1809 2436 1903 2472 an=
1940 2422 2054 2472 eine
2085 2423 2468 2473 universale

217 2499 298 2541 120
322 2490 411 2539 Ins
430 2489 579 2539 civile
603 2496 793 2549 teneat,
808 2504 908 2552 quo
935 2498 1087 2554 egent
1110 2505 1297 2541 causae

216 2559 454 2609 forenses
480 2557 682 2607 cotidie.
713 2583 785 2596 —-
817 2556 1105 2622 Cognoscat
1145 2559 1295 2608 etiam

214 2640 394 2676 rerum
426 2634 682 2690 gestarum
720 2634 769 2675 et
801 2626 1074 2676 memoriae
1104 2627 1296 2677 veteris

216 2694 547 2745 ordinem.—
563 2692 984 2745 commemoratio
1009 2702 1178 2745 autem
1202 2709 1294 2743 an-

216 2762 473 2826 tiquitatis
547 2761 1002 2827 exemplorumque
1076 2762 1291 2827 prolatio

219 2843 426 2882 summa
447 2844 563 2879 cum
590 2829 924 2881 delectatione
943 2838 994 2879 et
1017 2832 1291 2881 auctorita·

217 2908 328 2949 tem
353 2898 571 2949 orationi
595 2896 744 2947 affert
766 2907 815 2948 et
837 2897 1009 2949 fldem.

287 2966 441 3026 levis,
476 2964 819 3032 get-ingfiigig.
869 2981 920 3032 p.
956 2964 1109 3016 Arch.
1147 2966 1205 3026 5,
1243 2975 1294 3017 10

216 3050 302 3085 wo
335 3034 419 3084 die
447 3034 637 3083 scenici
658 3034 879 3085 artifices
907 3051 972 3084 zu
992 3035 1091 3085 den
1110 3033 1294 3086 humili

219 3104 398 3165 aliqua
407 3110 516 3151 arte
526 3101 772 3168 praeditis
785 3101 1001 3167 gerechn
1009 3111 1057 3152 et
1068 3104 1288 3154 werden.

290 3173 457 3222 anime)
481 3171 672 3237 atquo,
700 3170 808 3220 ‘mit
831 3169 1157 3235 Befriedigun
1200 3170 1233 3225 .’

290 3239 556 3290 thesauro.
601 3235 749 3291 Rhet.
784 3238 852 3288 ad
884 3239 984 3289 Her
1012 3240 1100 3289 ,ΙΙΙ
1127 3187 1217 3302 lg,
1246 3248 1297 3289 28

218 3322 360 3358 nunc
393 3307 461 3356 ad
485 3307 774 3357 thesaurum
795 3308 1117 3357 inventorum
1140 3315 1296 3372 atque

217 3377 290 3427 ad
314 3375 540 3425 omnium
575 3376 797 3440 partium
821 3374 1100 3426 rhetoricae
1124 3382 1293 3427 cuseo-

218 3447 335 3496 dem
355 3444 651 3493 memoriam
674 3449 1010 3495 transeamus.
1045 3443 1186 3494 Brut.
1208 3442 1292 3504 61,

218 3521 303 3563 219
335 3511 432 3560 hac
466 3519 612 3577 parte
635 3511 819 3573 animi,
857 3525 988 3575 quae
1017 3520 1094 3561 est
1118 3520 1292 3562 custos

219 3588 508 3631 ceterarum
531 3579 722 3644 ingenii
745 3580 986 3645 partium.

290 3644 350 3713 3)
446 3647 965 3713 Anfforderung‚
1073 3647 1291 3698 dieses

218 3731 478 3784 grosse,
515 3715 644 3767 fast
676 3716 930 3767 unendl.
971 3713 1197 3765 Gebiet
1238 3716 1291 3765 d.

220 3785 601 3835 Redekunst
638 3799 753 3834 vor
794 3784 1013 3850 Augen
1058 3798 1133 3833 zu
1180 3784 1289 3833 be-

220 3852 470 3914 halten,
506 3853 631 3903 und
677 3851 1138 3916 Feststellung
1184 3851 1292 3901 der

221 3919 537 3982 Grenien‚
573 3919 687 3969 wie
711 3920 820 3970 des
846 3920 1014 3971 Ziels
1047 3934 1099 3973 u.
1130 3918 1287 3969 cha·
1308 3920 1327 3937 ⁴

220 3990 479 4039 rakters
515 3988 564 4038 d.
592 3987 1112 4053 nachfolgenden
1138 3989 1297 4039 Dar-

219 4056 510 4121 stellung
534 4054 619 4120 (5,
646 4055 822 4119 19-7,
850 4055 945 4119 24).

292 4134 359 4175 19.
397 4123 725 4186 Quamobrem
748 4133 844 4173 etc.
892 4124 1011 4190 Vgl.
1038 4120 1070 4190 8
1100 4121 1216 4174 128.

291 4208 454 4258 neque
478 4194 554 4243 eis
579 4202 673 4242 etc.
723 4192 841 4256 Vgl.
867 4193 937 4242 111
964 4193 1052 4255 14,
1078 4200 1148 4242 ⁵4.

292 4262 410 4312 aliis
434 4260 744 4326 quibusdam·
788 4256 820 4326 8
848 4259 946 4311 109
966 4276 1020 4311 ιι.
1050 4258 1143 4309 111
1171 4259 1224 4312 ff.

1402 2490 1784 2541 Sachkenntnis
1810 2506 1861 2540 ιι.
1890 2489 2127 2556 Bildung.

1467 2560 1728 2623 confidant
1770 2559 2048 2624 pregnant:
2090 2558 2211 2608 dass
2246 2559 2324 2608 sie
2358 2556 2469 2609 sich

1400 2626 1579 2676 nicht
1614 2624 1947 2675 einbilden
1990 2625 2182 2686 sollen,
2231 2625 2323 2675 das
2361 2625 2467 2675 Ziel

1399 2693 1493 2743 auf
1523 2694 1638 2743 dem
1663 2691 1916 2757 gewtihnl.
1943 2692 2110 2758 Wege
2145 2693 2238 2743 der
2259 2693 2470 2743 blossen

1396 2760 1786 2813 Schulrhetorik-
1824 2759 2086 2811 erreichen
2131 2776 2196 2810 zn
2243 2761 2467 2823 konnen,

1395 2830 1621 2881 sondern
1659 2828 1907 2878 vielmehr
1953 2828 2054 2879 die
2099 2829 2467 2880 Ueberzen-

1393 2914 1568 2964 gung
1589 2898 1931 2963 gewinnen
1957 2913 2009 2947 ιι.
2037 2912 2079 2947 s.
2108 2913 2172 2948 w.

1464 2964 1531 3030 6,
1554 2975 1625 3016 20.
1668 2981 1840 3016 rerum
1871 2981 2165 3031 maynarum
2196 2966 2228 3027 8
2263 2964 2382 3015 214.

1462 3036 1648 3085 areium
1679 3034 1806 3084 plat.
1831 3032 2047 3084 phaedr.
2073 3050 2126 3100 p.
2148 3031 2251 3084 269
2270 3034 2311 3083 E
2336 3021 2470 3085 ὅσαι

1395 3097 1641 3170 μεγάλαι
1665 3100 1778 3154 τῶν
1802 3099 2036 3168 τεχνῶν.

1397 3187 1538 3289 ΤΕ*
1553 3187 1684 3289 315?
1685 3186 1783 3288 ’Ἆέ
1784 3171 2038 3288 33...th
2064 3166 2468 3287 ἰξῆἑῗιὲἰοᾈῖἲ·

1398 3307 1589 3357 ditione
1613 3315 1663 3356 et
1684 3305 1919 3372 plurimis
1941 3305 2137 3355 artibus
2171 3314 2221 3354 et
2244 3305 2468 3355 omnium

1396 3390 1564 3424 rerum
1609 3374 1824 3425 scientia
1863 3373 2089 3424 exundat
2134 3380 2184 3421 et
2228 3373 2473 3422 exuberat

1395 3442 1483 3492 illa
1505 3441 1822 3494 admirabilis
1848 3439 2154 3503 eloquentia.

1464 3511 1765 3577 efflorescat
1786 3510 1833 3560 11
1857 3507 1938 3570 78,
1965 3516 2060 3559 319.

1464 3581 1550 3630 eui
1571 3581 1673 3630 nisi
1692 3577 1864 3628 subeat
1884 3573 1936 3643 8.
1962 3574 2116 3626 502³.
2143 3576 2193 3626 d.
2219 3573 2336 3625 krit.
2359 3575 2465 3625 An-

1394 3645 1551 3713 hang.
1591 3646 1762 3699 Oratio
1786 3645 1895 3695 nnd
1919 3659 2000 3694 res
2025 3644 2208 3694 Form
2233 3641 2469 3704 (Gedan-

1393 3711 1781 3777 kenausdruck)
1800 3713 1907 3762 und
1925 3714 1946 3763 1
1964 3728 1994 3761 n
2006 3710 2141 3761 halt
2160 3709 2340 3761 stehen
2360 3710 2470 3761 sich

1394 3782 1570 3833 scharf
1588 3782 1832 3832 einander
1852 3795 2017 3846 gegen
2041 3780 2192 3839 iiber,
2217 3774 2360 3845 wieS
2387 3777 2468 3837 17,

1392 3853 1463 3901 111
1489 3848 1573 3913 35,
1599 3859 1675 3901 142
1698 3850 1782 3899 cni
1806 3864 1887 3899 res
1911 3862 2016 3898 non
2040 3853 2297 3913 suppetat,
2319 3848 2473 3897 verba

1394 3933 1498 3972 nnn
1534 3918 1719 3970 desint.
1770 3918 1852 3969 Or.
1888 3917 1982 3978 22,
2008 3924 2060 3965 72
2093 3916 2206 3965 sine
2221 3918 2296 3964 ie
2330 3915 2472 3965 nulla

1399 3988 1478 4038 vis
1501 3988 1647 4037 verbi
1671 3994 1767 4036 est.
1824 3986 1895 4035 Zu
1922 3981 2281 4033 wiederholten
2304 3983 2469 4033 Malen

1400 4056 1622 4105 erinnert
1648 4053 1823 4104 Cicero
1847 4067 1913 4102 an
1938 4051 2113 4103 diesen
2138 4049 2259 4102 sehr
2284 4067 2349 4101 zu
2374 4051 2470 4100 be-

1395 4122 1738 4187 herzigenden
1766 4120 1913 4172 Satn
1940 4115 1989 4185 8.
2014 4116 2083 4170 48
2107 4119 2310 4170 dicendi
2333 4119 2468 4169 enim

1394 4192 1578 4254 virtus,
1597 4189 1699 4241 nisi
1721 4189 1784 4250 ei,
1810 4189 1897 4254 qui
1921 4189 2073 4249 dicet,
2092 4202 2171 4249 ea,
2197 4188 2263 4238 de
2285 4188 2471 4249 quibus
2575 4243 2579 4248 ,

1395 4259 1546 4325 dicet,
1559 4265 1796 4326 percepta
1815 4258 1936 4319 sint,
1950 4264 2151 4310 exstare
2169 4269 2269 4306 non
2281 4262 2470 4321 potest.
