2930 4693
881 213 983 278 ns
1012 212 1369 277 οιιΑΤοιιΕ
1398 212 1450 275 ιι
1489 211 1945 294 252102-1505.

2403 215 2522 278 131

290 383 510 464 sceptis
554 383 763 455 rehuS‚
816 384 910 446 vel
948 383 1262 464 perfidiae,
1313 385 1602 464 recepti&
1663 383 1769 447 sed
1810 384 1987 445 etiam
2038 381 2138 444 illa
2177 383 2368 445 maior
2395 360 2523 463 olfi-

293 471 490 540 nione,
522 470 681 549 quod
711 488 887 532 nemo
915 477 1114 550 potest
1141 468 1216 531 de
1247 488 1316 531 ea
1345 487 1430 540 re,
1462 487 1641 549 quam
1670 487 1792 530 non
1822 470 1999 538 novit,
2035 486 2154 529 non
2183 469 2523 547 turpissime

290 556 510 616 dicere.
570 554 656 615 Ita
686 554 828 615 dum
856 555 1108 616 inertiae
1137 555 1661 635 vituperationem,
1693 571 1846 635 quae
1876 555 2065 616 maior
2095 561 2211 623 est,
2258 560 2521 615 contem-

291 644 458 710 nunt,
490 638 897 719 adsequuntur
924 641 1103 701 etiam
1133 639 1328 710 illam,
1360 658 1538 719 quam
1570 640 1758 718 magis
1786 640 1900 719 ipsi
1927 638 2178 723 fugiunt,
2210 637 2518 700 tarditatis.

290 722 580 804 Equidem
610 723 773 785 soleo
803 723 947 785 dare
976 742 1249 805 operam,
1292 732 1359 785 ut
1390 724 1464 784 de
1494 742 1600 786 sua
1629 725 1878 804 quisque
1917 741 1985 784 re
2026 741 2123 784 me
2154 721 2522 803 ipsc-,doceat
2556 723 2654 775 1⁰2

290 815 352 869 et
379 816 445 869 ut
475 826 551 869 ne
580 810 712 888 quis
741 809 891 871 alius
919 807 1097 880 adsit,
1138 828 1256 890 quo
1285 808 1531 870 liberius
1560 809 1862 890 loquatur,
1899 815 1960 870 ct
1991 825 2172 887 agere
2201 806 2525 868 adversarii

291 911 559 964 causam,
590 901 657 954 ut
685 892 784 955 ille
814 901 949 973 agat
976 912 1142 956 suam
1173 899 1260 965 et,
1293 894 1580 975 quidquid
1611 893 1685 955 de
1715 907 1916 956 sua‘re
1947 893 2248 972 cogitarit,
2296 893 2360 952 in
2397 909 2523 953 me-

290 979 454 1039 dium
482 977 769 1056 proferat.
827 979 1032 1059 Itaque
1062 998 1199 1040 cum
1227 978 1327 1040 ille
1357 979 1659 1051 discessit,
1699 987 1823 1040 tres
1851 996 2137 1059 personas
2166 995 2319 1039 unus
2349 978 2524 1038 susti-

290 1081 406 1124 neo
436 1080 665 1124 summa
694 1064 876 1125 animi
906 1065 1227 1143 aequitate,
1267 1083 1492 1135 meam,
1525 1065 1874 1135 adversarii,
1911 1064 2140 1126 iudicis.
2197 1062 2315 1134 Qui
2359 1061 2525 1123 locus

290 1154 383 1210 est
410 1147 572 1219 talis,
615 1155 683 1208 ut
710 1147 843 1228 plus
872 1147 1087 1210 habeat
1116 1148 1442 1210 adiumenti
1470 1168 1647 1230 quam
1688 1148 2083 1218 incommodi,
2125 1147 2285 1208 hunc
2325 1146 2523 1208 iudico

288 1250 422 1294 esse
451 1233 798 1303 dicendum;
842 1233 944 1295 ubi
972 1233 1104 1313 plus
1132 1232 1274 1295 mali
1303 1254 1483 1314 quam
1512 1234 1655 1295 boni
1683 1235 1949 1313 reperio,
1995 1232 2058 1293 id
2087 1238 2279 1293 totum
2309 1230 2520 1293 abdico

288 1324 468 1398 atque
504 1318 694 1378 eiicio.
753 1317 839 1378 Ita
875 1318 1196 1398 adsequor,
1240 1326 1306 1380 ut
1345 1319 1458 1379 alio
1483 1326 1754 1399 tempore
1784 1320 2038 1398 cogitem
2069 1318 2211 1396 quid
2241 1316 2435 1377 dicam
2461 1319 2526 1377 'et
2561 1319 2700 1372 103-

289 1402 406 1463 alio
450 1402 674 1472 dicam;
727 1421 879 1482 quae
933 1403 1050 1465 duo
1097 1403 1367 1484 plerique
1407 1404 1650 1482 ingenio
1694 1403 1833 1464 freti
1872 1400 2048 1465 simul
2088 1401 2332 1463 faciunt.
2406 1399 2524 1462 Sed

290 1495 455 1548 certe
485 1486 676 1548 eidem
704 1487 792 1548 illi
820 1488 1032 1550 melius
1062 1487 1364 1569 aliquanto
1395 1488 1693 1559 dicerent,
1736 1490 1787 1549 si
1827 1488 1985 1549 aliud
2027 1485 2380 1548 sumendum
2410 1485 2526 1547 sibi

289 1581 525 1652 tempus
555 1572 629 1632 ad
658 1573 1057 1651 cogitandum,
1091 1573 1250 1634 aliud
1280 1572 1354 1635 ad
1385 1573 1703 1635 dicendum
1733 1578 2030 1653 putarent.

461 1657 607 1719 Cum
638 1675 765 1718 rem
793 1659 1032 1736 penitus
1063 1676 1418 1738 causamque
1448 1660 1724 1736 cognovi,
1768 1659 1967 1719 statim
1996 1656 2258 1717 occurrit
2301 1656 2521 1726 animo,
2555 1660 2657 1712 104

289 1759 440 1821 quae
471 1743 547 1802 sit
575 1759 749 1803 causa
780 1742 1140 1821 ambigendi.
1201 1742 1359 1804 Nihil
1391 1750 1483 1804 est
1512 1745 1689 1814 enim,
1721 1742 1882 1823 quod
1909 1744 2066 1803 inter
2094 1740 2369 1802 homines
2398 1759 2523 1802 am-

288 1825 557 1904 bigatur,
599 1827 721 1888 sive
750 1846 824 1887 ex
854 1829 1103 1888 crimine
1134 1846 1311 1890 causa
1341 1835 1601 1904 constat,
1654 1836 1721 1889 ut
1750 1827 2060 1897 facinoriS,
2114 1827 2235 1886 sive
2277 1843 2352 1886 ex
2380 1842 2522 1886 con-

288 1912 609 1989 troversia,
664 1918 731 1972 ut
772 1911 1146 1983 hereditatis,
1200 1915 1321 1974 sive
1352 1932 1427 1975 ex
1455 1912 1910 1983 deliberatione,
1961 1917 2027 1974 ut
2069 1909 2237 1980 belli,
2288 1911 2410 1971 sive
2453 1928 2524 1971 ex

287 2014 576 2079 persona,
624 2003 691 2056 ut
717 1995 937 2066 laudis,
981 1999 1103 2058 sive
1132 2016 1208 2060 ex
1237 1997 1662 2078 disputatione,
1709 2004 1776 2059 ut
1804 1999 1880 2059 de
1906 1998 2139 2058 ratione
2167 1995 2429 2066 vivendi,
2462 1997 2522 2059 in

288 2099 408 2160 quo
448 2097 569 2141 non
599 2086 702 2141 aut
730 2081 872 2161 quid
900 2081 1121 2143 factum
1161 2084 1239 2143 sit
1267 2089 1370 2144 aut
1396 2083 1502 2145 fiat
1532 2083 1874 2145 futurumve
1918 2083 1995 2143 sit
2027 2087 2377 2160 quaeratur,
2425 2087 2526 2140 aut

288 2163 463 2245 quale
492 2167 585 2237 sit,
617 2172 718 2227 aut
744 2166 887 2246 quid
915 2175 1178 2229 vocetur.
1237 2169 1321 2229 Ac
1349 2176 1589 2230 nostrae
1618 2168 1747 2230 fere
1777 2185 2017 2238 causae,
2050 2183 2202 2246 quae
2232 2164 2470 2245 quidem
2495 2159 2693 2233 25105

294 2334 508 2386 Process
553 2334 842 2386 annehmen
888 2335 995 2386 und
1043 2336 1181 2388 daun
1225 2335 1357 2387 doch

290 2401 454 2453 nichts
491 2404 624 2454 dazu
658 2403 812 2466 thuri,
855 2403 945 2453 ihu
978 2420 1044 2455 zu
1067 2406 1354 2470 gewinnen.

288 2472 311 2520 I
338 2469 429 2532 36,
467 2479 557 2521 166.
595 2471 708 2524 Div.
731 2472 781 2521 in
812 2472 959 2522 Gaec.
984 2470 1044 2531 8,
1071 2481 1123 2523 26
1170 2472 1276 2538 Ego
1302 2473 1355 2522 in

288 2537 386 2588 hoc
418 2538 606 2590 iudicio
647 2538 774 2587 mihi
817 2538 1108 2589 Siculorum
1144 2554 1354 2590 causam

289 2615 578 2673 receptam,
613 2607 793 2673 populi
817 2606 1035 2657 Romani
1059 2616 1356 2673 susceptam

289 2690 405 2724 esse
427 2675 670 2733 arbitron
695 2674 778 2724 fiir
801 2675 894 2725 das
919 2677 1183 2741 suscipere
1206 2677 1274 2725 ist
1299 2690 1355 2726 er

288 2742 416 2805 sich,
428 2741 509 2793 fiir
527 2743 620 2793 das
631 2744 856 2807 recipere
871 2741 1216 2792 vornehmlich
1237 2744 1353 2792 dem

291 2810 517 2859 Clienten
544 2809 971 2860 verantwortlich.
1020 2808 1102 2860 Or.
1140 2809 1234 2872 34,
1278 2820 1353 2860 120

289 2877 424 2937 Quid
441 2887 521 2928 est
538 2879 673 2928 enim
696 2879 900 2944 turpius
919 2892 1073 2941 quam
1096 2879 1353 2944 legitima-

289 2960 402 2996 rum
437 2955 487 2995 et
518 2946 745 2996 civilium
768 2947 1231 2997 controversiarum
1255 2961 1351 3011 pa-

289 3013 506 3064 trocinia
537 3014 824 3079 suscipere,
868 3029 984 3066 cum
1009 3015 1081 3065 sis
1106 3015 1278 3080 legum
1302 3024 1353 3064 et

288 3080 455 3131 civilis
479 3082 606 3132 iuris
632 3082 878 3147 ignarus?

356 3151 595 3214 opinione
616 3174 686 3185 —-
710 3149 800 3199 der
823 3149 952 3199 nach
977 3149 1115 3200 ihrer
1136 3150 1354 3201 Ansicht

289 3217 421 3266 noch
445 3216 827 3281 schimpl'licher
849 3218 944 3276 ist;
990 3232 1046 3267 re
1077 3232 1200 3267 vera
1230 3220 1353 3268 aber

285 3284 357 3335 ist
379 3285 464 3335 die
495 3285 802 3349 vituperatio
835 3285 1075 3346 inertiae,
1120 3286 1242 3336 dass
1276 3287 1377 3335 sie*

289 3351 399 3402 sich
434 3351 575 3401 nicht
606 3350 821 3415 gehon-ig
859 3353 1122 3402 instruiert
1162 3352 1348 3413 haben,

289 3420 479 3477 maior;
522 3420 658 3468 deun
702 3418 851 3468 daffir
883 3420 1087 3469 konnen
1122 3421 1199 3470 sie
1235 3435 1351 3469 ver-

288 3486 607 3538 antwortlich
624 3485 859 3552 gemacht
877 3487 1098 3549 werden,
1110 3485 1353 3538 wahrend

289 3556 374 3605 die
399 3556 666 3620 geringere
688 3554 908 3620 geistige
926 3552 1195 3619 Fshigkeit
1215 3554 1353 3605 nicht

288 3622 399 3673 ihre
423 3621 616 3672 Schuld
639 3623 723 3672 ist.
773 3623 908 3672 Aber
934 3620 1189 3685 dadnmh,
1231 3623 1352 3673 dass

292 3691 367 3740 sie
401 3689 512 3739 sich
543 3690 597 3739 in
621 3690 778 3755 Fulge
812 3688 1354 3741 selbstverschuldeter

292 3758 613 3808 Unkenntnis
635 3760 726 3808 des
749 3757 1053 3808 Rechtsfalls
1078 3758 1158 3808 bei
1189 3756 1353 3807 ihrem

290 3825 554 3876 Auftreten
571 3827 863 3889 blamieren‚
884 3828 1124 3877 kommen
1136 3827 1213 3875 sie
1224 3825 1355 3874 auch

289 3894 342 3942 in
369 3894 462 3944 das
487 3896 612 3945 bose
635 3894 932 3953 Renomme,
960 3911 1015 3944 es
1039 3892 1174 3943 fehle
1196 3893 1353 3944 ihnen

290 3975 358 4010 an
382 3961 707 4026 Beffihigung
733 3960 782 4025 (Ι
806 3961 889 4022 27,
917 3961 1036 4026 125).

360 4038 451 4080 102.
474 4044 664 4081 summa
684 4030 839 4080 animi
857 4032 1131 4095 aequitate,
1159 4029 1253 4079 mit
1266 4030 1358 4080 der

290 4100 497 4161 grosten
519 4096 875 4156 Gemiitsruhe,
912 4098 995 4147 die
1016 4098 1152 4146 mich
1176 4100 1230 4148 in
1255 4099 1356 4148 den

292 4163 455 4215 Stand
494 4174 651 4228 setzt,
686 4165 827 4215 Alles
859 4163 1075 4230 geborig
1110 4181 1173 4216 zu
1198 4168 1358 4216 erwa-

290 4246 391 4298 gen
406 4270 420 4297 ,
455 4233 526 4282 im
551 4231 838 4299 Gegensatz
875 4247 940 4283 zu
975 4233 1090 4283 dem
1113 4240 1219 4284 toto
1246 4233 1357 4284 i'oro

1458 2337 1674 2389 volitare
1723 2354 1772 2388 u.
1815 2337 1905 2388 der
1949 2333 2365 2387 unaui'horlicheu
2404 2335 2526 2385 Zer-

1459 2414 1710 2471 streuung
1730 2406 1966 2457 anderer.

1528 2475 1736 2533 abdico,
1774 2471 2011 2524 ‘streiche
2048 2472 2130 2521 ich
2165 2472 2214 2522 d.
2239 2471 2291 2523 h.
2327 2472 2523 2522 erklz'ire

1458 2541 1542 2591 ich
1565 2542 1649 2592 fiir
1672 2540 2068 2591 unbrauchbar.’
2489 2541 2496 2552 ⁸

1528 2617 1619 2660 103.
1658 2625 1789 2675 quae
1814 2611 1932 2669 duo,
1961 2606 2150 2657 welche
2174 2607 2359 2657 beiden
2373 2607 2522 2671 Akte,

1458 2676 1784 2742 Nigelsbach
1805 2676 1917 2726 Lat.
1945 2675 2059 2728 Stil.
2083 2673 2117 2742 S
2141 2675 2227 2735 44,
2253 2684 2293 2725 1.

1527 2754 1618 2795 104.
1655 2746 1841 2805 statim,
1880 2761 1933 2793 u.
1958 2742 2144 2794 bedarf
2164 2758 2218 2792 es
2244 2742 2353 2793 also
2380 2742 2522 2793 eines

1455 2813 1644 2877 langen
1666 2812 1955 2863 besondern
1981 2810 2248 2862 Studiums
2285 2811 2377 2861 der
2400 2811 2520 2861 doc·

1455 2882 1585 2930 trina
1611 2888 1836 2931 statuum
1861 2879 2019 2930 nicht.
2067 2879 2199 2929 Einl.
2228 2880 2276 2929 11
2297 2874 2329 2943 S
2354 2877 2406 2932 3.

1521 2966 1628 3015 sive
1662 2981 1734 3016 ex
1765 2966 1990 3018 crimine.
2028 2990 2094 3001 —
2127 2964 2382 3014 Antonius
2427 2966 2522 3014 be-

1455 3032 1690 3083 zeichnet
1716 3034 1807 3083 das
1828 3048 1994 3097 genus
2011 3032 2251 3083 iudiciale
2271 3031 2399 3082 nach
2420 3033 2520 3082 den

1454 3101 1639 3151 beiden
1666 3100 1838 3151 Seiten
1862 3101 1954 3151 des
1980 3099 2389 3152 Criminalrechts
2414 3100 2522 3149 und

1456 3169 1549 3219 des
1560 3167 1900 3219 Privatrechts
1912 3165 2008 3233 (ex
2027 3169 2370 3218 controversia
2384 3168 2522 3217 iudi-
2575 3178 2580 3182 ·

1455 3237 1650 3287 ciorum
1672 3247 1825 3298 atque
1849 3237 2014 3285 litium
2038 3238 2070 3297 5
2085 3233 2196 3298 99Ϊ.

1520 3323 1625 3372 sive
1660 3336 1733 3371 ex
1760 3335 1990 3384 persona
2021 3325 2078 3367 ut
2110 3320 2276 3369 laudis
2308 3318 2435 3367 fehlt
2467 3320 2519 3368 in

1454 3389 1656 3454 einigen
1666 3388 1757 3439 Hs.
1778 3403 1831 3437 u.
1851 3386 1978 3436 wird
1998 3384 2274 3449 allerdings
2299 3384 2521 3435 hernach

1453 3457 1549 3506 auf
1589 3458 1682 3507 das
1725 3469 1889 3520 genus
1925 3454 2377 3503 demonstrativum
2427 3469 2516 3503 zu-

1456 3524 1639 3573 niichst
1686 3524 1836 3573 keine
1871 3519 2147 3571 Riicksicht
2187 3534 2520 3585 genommem

1454 3592 1698 3641 indessen
1732 3591 1798 3640 da
1820 3589 2073 3639 Antonius
2106 3587 2393 3654 uberhaupt
2426 3588 2524 3638 alle

1456 3658 1743 3724 moglichen
1772 3658 1910 3708 Ffille
1944 3656 2057 3705 hier
2089 3655 2364 3713 aufzfihlen
2399 3656 2521 3713 will,

1457 3741 1516 3776 so
1543 3726 1659 3777 sind
1685 3726 1767 3776 die
1786 3726 1966 3774 Worte
1990 3723 2524 3789 derVollstfindigkeit

1456 3810 1633 3859 wegen
1659 3793 1757 3843 wol
1783 3791 1922 3842 nicht
1948 3808 2013 3841 zu
2038 3790 2334 3841 entbehren.

1473 3881 1478 3882 ⁷
1528 3895 1599 3929 ex
1623 3878 1968 3942 disputatione
2017 3877 2139 3926 oder
2172 3890 2292 3941 mag
2328 3891 2385 3925 es
2410 3876 2522 3925 eine

1456 3944 1876 4064 pilgiltsstq‘pgische
1898 3945 2060 4009 Frage
2093 3943 2204 3993 sein
2221 3979 2235 4007 ,
2274 3960 2319 3994 z.
2345 3942 2404 3992 B.
2427 3958 2523 3994 aus

1530 4095 1623 4156 25,
1649 4104 1744 4151 105.
1792 4103 2026 4155 nostrae,
2076 4096 2171 4145 wie
2206 4097 2282 4145 sie
2306 4110 2399 4147 vor
2423 4096 2524 4146 den

1459 4163 1752 4215 romischen
1799 4163 2066 4215 Gerichten
2126 4165 2525 4218 vorzukommen

1464 4232 1685 4300 pilegen.
