2930 4693
443 211 571 276 160
1037 204 1138 269 DE
1158 202 1520 267 ORATORE
1555 202 1612 265 ΙΙ
1649 202 1749 265 45.
1791 208 1911 263 189.
1942 208 2063 264 lm.

616 374 821 455 Neque
848 373 979 436 fieri
1004 381 1229 455 poten,
1268 380 1337 436 ut
1364 370 1562 434 doleat
1587 373 1671 442 is,
1712 374 1815 452 qui
1841 371 2034 443 audit,
2074 379 2141 435 ut
2165 372 2388 446 oderit,
2417 381 2487 437 ut
2510 376 2675 436 invi-

448 461 609 531 deat,
654 468 721 521 ut
745 462 1128 540 pertimescat
1155 458 1403 539 aliquid,
1435 464 1502 519 ut
1529 456 1605 519 ad
1630 457 1833 518 fletum
1859 457 2444 539 misericor-dlamque
2473 460 2668 521 dedu-

444 552 641 615 catur,
694 546 808 604 nisi
836 562 1045 606 omnes
1073 544 1130 605 ei
1157 551 1381 612 motus,
1434 558 1584 622 quos
1612 548 1812 603 orator
1840 540 2121 604 adhihere
2148 542 2305 604 volet
2330 544 2542 614 iudici,
2593 546 2667 606 in

506 647 572 691 so
601 637 838 692 oratore
865 629 1142 710 impressi
1171 645 1301 689 esse
1332 634 1508 707 atque
1545 627 1727 689 inusti
1766 625 2133 688 videbuntur.
2221 627 2443 700 Quodsi
2481 630 2668 690 fictus

503 717 517 731 ⁶
563 715 654 775 uis
678 713 854 775 dolor
883 712 1292 793 suscipiendus
1321 717 1479 772 esset
1508 718 1567 772 et
1594 712 1645 771 si
1672 712 1733 771 in
1778 712 2066 777 eiusmodi
2109 730 2329 791 genere
2370 715 2664 775 orationis

443 798 592 863 nihil
623 805 780 861 esset
809 799 924 859 nisi
951 796 1163 859 falsum
1194 803 1369 878 atque
1396 796 1723 857 imitatione
1749 794 2100 874 simulatum,
2131 798 2320 858 maior
2340 815 2439 858 ars
2457 797 2659 878 aliqua

441 882 690 946 forsitan
720 890 877 943 esset
905 881 1280 961 requirenda.
1333 880 1505 943 Nunc
1532 897 1662 959 ego,
1693 881 1833 960 quid
1863 879 1984 951 tihi,
2017 882 2242 952 Crasse,
2274 883 2416 962 quid
2438 883 2660 943 ceteris

443 967 702 1037 accidat,
746 967 979 1037 nescim
1024 965 1097 1027 de
1136 984 1235 1028 me
1265 972 1462 1027 autem
1493 983 1668 1026 causa
1697 964 1855 1026 nulla
1898 974 2012 1035 est,
2056 984 2163 1027 cur
2200 967 2352 1045 apud
2383 967 2664 1045 homines

442 1052 935 1134 prudentissimos
954 1069 986 1112 a
1096 1069 1128 1112 e
1151 1051 1537 1111 amicissimos
1558 1052 1837 1113 mentiar:
1869 1068 1989 1110 non
2011 1049 2349 1111 mehercule
2371 1069 2655 1131 umquam

444 1137 597 1217 apud
628 1135 853 1197 iudices
882 1142 983 1196 aut
1052 1134 1276 1196 olorem
1307 1143 1409 1197 aut
1426 1135 1893 1195 misericordiam
1915 1143 2015 1196 aut
2033 1135 2308 1196 invidiam
2330 1144 2431 1196 aut
2451 1136 2656 1196 odium

445 1220 694 1285 dicendo
736 1220 994 1280 excitare
1033 1219 1219 1291 volui‘,
1272 1221 1415 1299 quin
1465 1221 1592 1299 ipse
1641 1220 1704 1279 in
1745 1220 2180 1280 commovendis
2227 1219 2518 1281 iudicibus
2569 1221 2658 1282 eis

308 1319 416 1373 190
441 1306 587 1386 ipsis
612 1304 912 1376 sensibus,
954 1303 1028 1365 ad
1058 1322 1206 1384 quos
1232 1303 1367 1366 illos
1396 1303 1690 1365 adducere
1719 1302 1957 1374 vellem,
1994 1322 2389 1384 permoverer.
2448 1304 2658 1385 Neque

444 1391 604 1452 enim
632 1388 804 1450 facile
834 1395 924 1449 est
951 1390 1269 1468 perficere,
1322 1395 1388 1450 ut
1414 1390 1705 1450 irascatur
1734 1390 1789 1449 ei
1818 1389 1914 1450 cui
1941 1396 2006 1450 tu
2034 1388 2210 1459 velis,
2251 1389 2455 1460 iudex,
2511 1391 2562 1450 si
2590 1396 2656 1450 tu

440 1476 569 1556 ipse
599 1475 660 1535 id
691 1473 850 1535 lente
877 1473 1037 1534 ferre
1066 1473 1333 1545 videare3
1386 1491 1581 1554 neque
1623 1481 1687 1534 ut
1726 1472 1919 1533 oderit
1959 1491 2123 1544 eum,
2172 1492 2347 1554 quem
2387 1480 2452 1534 tu
2491 1472 2654 1544 veliS,

438 1561 556 1621 nisi
583 1561 863 1639 teipsum
892 1558 1241 1637 flagrantem
1271 1558 1405 1619 odio
1435 1565 1572 1619 ante
1603 1557 1843 1628 viderit:
1877 1558 2162 1638 nequead
2189 1559 2656 1619 misericordiam

440 1644 782 1714 adducetur,
815 1645 929 1705 nisi
957 1651 1021 1704 tu
1052 1645 1106 1703 ei
1134 1644 1300 1722 signa
1332 1641 1554 1703 doloris
1572 1644 1659 1704 tui
1682 1641 1891 1712 verbis,
1922 1643 2245 1712 sententiis,
2276 1661 2438 1713 voce,
2471 1642 2654 1714 vultu,

440 1728 939 1790 collam-imatione
968 1728 1223 1808 denique
1273 1726 1620 1788 ostenderis.
1707 1727 1784 1789 Ut
1817 1729 1974 1787 enim
2018 1726 2175 1788 nulla
2217 1728 2493 1788 materies
2535 1735 2657 1788 tam

439 1811 631 1875 facilis
673 1811 748 1873 ad
793 1811 1297 1873 exardescendum
1339 1818 1458 1882 est,
1512 1829 1661 1892 quae
1706 1812 1820 1872 nisi
1858 1811 2094 1873 admoto
2133 1813 2257 1890 igni
2284 1813 2483 1890 ignem
2513 1830 2657 1872 con-

439 1899 642 1978 cipere
694 1899 910 1976 possit,
962 1898 1049 1957 sic
1090 1895 1252 1957 nulla
1292 1914 1462 1957 mens
1504 1903 1595 1958 est
1632 1904 1753 1958 tam
1783 1896 1858 1957 ad
1887 1894 2508 1976 comprehendendam
2536 1897 2655 1957 vim

314 394 418 449 189

508 2056 600 2098 189.
636 2048 814 2113 Neque
831 2048 956 2112 fieri
969 2053 1169 2112 potest,
1205 2045 1290 2097 Or.
1315 2044 1397 2109 38,
1425 2055 1501 2097 132

438 2129 536 2165 nec
555 2129 793 2176 umquam
833 2116 877 2164 is
914 2115 1002 2179 qui
1033 2114 1233 2164 audiret
1255 2115 1495 2164 incende·

436 2190 602 2245 retur,
638 2183 736 2232 nisi
772 2183 956 2233 ardena
980 2183 1047 2231 ad
1072 2197 1186 2232 eum
1210 2184 1502 2248 perveniret

438 2251 616 2300 oratio.
655 2250 772 2314 Vgl.
797 2251 915 2303 Hor.
940 2259 1038 2300 art.
1063 2259 1199 2315 poet.
1229 2248 1325 2300 102
1349 2251 1393 2300 si
1420 2250 1499 2300 via

436 2333 522 2369 me
556 2318 702 2381 llere,
739 2318 1013 2369 dolendum
1040 2326 1118 2368 est
1139 2318 1364 2369 Primum
1397 2318 1501 2384 ipsi

438 2387 532 2437 tibi
548 2387 656 2436 und
674 2387 951 2437 besonders
970 2387 1142 2447 Quint.
1162 2388 1230 2436 Vl
1249 2388 1300 2449 2,
1314 2397 1382 2446 26,
1409 2387 1503 2437 der

436 2469 624 2505 unsere
647 2452 807 2504 Stelle·
826 2455 1053 2505 offenbar
1073 2469 1167 2504 vor
1189 2458 1369 2519 Augen
1392 2454 1497 2504 hat.

439 2520 649 2573 Summa
675 2522 837 2581 enim,
883 2533 1126 2585 quantum
1162 2537 1256 2588 ego
1290 2524 1498 2585 quidem

435 2590 619 2653 sentio,
644 2591 776 2640 circa
788 2591 1077 2641 movendos
1091 2591 1301 2640 affectus
1325 2592 1379 2640 in
1401 2589 1500 2640 hoc

323 2662 329 2669 '
434 2659 606 2775 posita
630 2668 724 2719 eat,
747 2666 806 2708 ut
825 2674 1109 2709 moveamur
1130 2660 1246 2723 ipsi.
1296 2658 1422 2708 Nam
1449 2667 1502 2707 et

457 2735 606 2775 uetus
650 2736 702 2775 et
743 2726 849 2775 irae
892 2735 943 2775 et
994 2727 1361 2790 indignationis
1404 2726 1500 2776 ali-

439 2794 642 2855 quando
667 2794 819 2842 etiam
843 2793 1056 2844 ridicula
1091 2794 1244 2844 fuerit
1265 2794 1494 2855 imitatio,

436 2861 484 2911 si
499 2862 657 2910 verba
673 2861 969 2924 vultumque
991 2868 1203 2924 tantum,
1225 2875 1326 2911 non
1348 2862 1499 2911 etiam

436 2928 659 2979 animum
684 2928 1175 2979 accommodarimus
1198 2954 1284 2979 ——.
1334 2929 1501 2988 Quare

435 2996 491 3045 in
517 2996 610 3059 eis,
636 3009 766 3059 quae
792 2996 1084 3045 verisimilia
1107 3010 1223 3046 esse
1244 2996 1495 3060 volemuS,

438 3064 603 3114 simus
637 3063 737 3129 ipsi
770 3062 964 3113 similes
999 3078 1201 3126 eorum,
1250 3064 1336 3127 qui
1377 3078 1500 3113 vere

435 3131 704 3197 patiuntur
725 3130 1021 3192 affectibus,
1069 3140 1121 3180 et
1153 3146 1185 3180 a
1217 3132 1305 3181 tali
1329 3132 1498 3181 animo

436 3197 791 3316 proficiscatur
811 3200 985 3262 oratio,
1007 3198 1208 3263 qualem
1225 3198 1394 3251 fucere
1417 3199 1497 3250 iu·

436 3267 600 3327 dicem
624 3282 689 3318 vo
713 3275 779 3317 et.
1054 3269 1058 3274 ’

503 3369 764 3428 adhibere,
785 3363 1021 3435 ’πρσςφέ
1059 3384 1145 3420 ειν
1162 3364 1500 3433 beibringen’‚

434 3436 821 3488 mitAnschluss
840 3451 903 3487 an
924 3438 1005 3487 die
1079 3435 1175 3487 186
1189 3435 1500 3502 gebrauchte

431 3504 812 3570 Vergleichung
843 3503 1115 3567 (adhibere
1144 3502 1498 3567 medicinam).

502 3604 652 3655 Nunc
682 3604 834 3667 (oder
856 3619 993 3655 nunc
1014 3603 1161 3669 vero)
1186 3608 1317 3656 ‘nun
1341 3602 1495 3655 aber’

435 3688 530 3723 zur
551 3672 872 3738 Einfflhrung
903 3674 996 3724 dea
1018 3673 1309 3723 wirklichen
1335 3672 1498 3723 Sach-

432 3740 686 3803 verhalta‚
720 3742 789 3790 im
823 3741 1107 3807 Gegensatz
1142 3757 1208 3791 zu
1239 3742 1357 3803 der,
1405 3741 1499 3791 der

433 3808 793 3859 Wirltlichkeit
848 3809 989 3859 nicht
1057 3808 1496 3875 entaprechenden

434 3876 703 3927 Annahme
738 3876 953 3941 (quodsi
986 3901 1051 3913 --
1087 3885 1224 3927 esset
1258 3873 1384 3939 etc.)
1431 3876 1500 3927 de

436 3944 542 3995 div.
564 3947 586 3994 1
609 3943 695 4007 39,
720 3953 770 3995 60
794 3959 925 4008 quae
951 3945 1156 4006 quidem
1175 3944 1332 3995 multo
1351 3944 1500 4011 plura

438 4013 723 4075 evenirent,
760 4013 804 4062 si
838 4012 906 4062 ad
937 4013 1160 4076 quietem
1195 4013 1378 4078 integri
1401 4013 1499 4061 ire-

435 4093 580 4136 musz
607 4094 738 4128 nune
764 4080 935 4129 onusti
953 4080 1063 4130 cibo
1085 4090 1136 4130 et
1155 4081 1274 4131 vino
1296 4090 1500 4147 pertur-

434 4146 554 4195 bata
573 4153 624 4195 et
638 4146 852 4197 confusa
869 4147 1143 4198 cernimus.
1163 4147 1458 4208 Tusc.1111,
1472 4156 1499 4197 2

434 4209 502 4263 de
524 4212 630 4262 inv.
657 4212 751 4276 16,
775 4222 801 4263 8
823 4214 890 4263 ad
912 4215 1053 4264 Fam.
1079 4216 1126 4264 V
1154 4214 1200 4277 1,
1228 4224 1270 4264 1.

1665 2047 2027 2098 maior—weit
2053 2048 2103 2096 in
2129 2048 2242 2098 dem
2264 2047 2368 2097 Fall
2395 2048 2477 2098 die
2493 2049 2657 2097 Kunst

1600 2115 1731 2164 auch
1766 2113 1893 2165 noch
1943 2115 2034 2165 das
2074 2115 2251 2166 leisten
2292 2120 2514 2178 miisste,
2550 2131 2657 2165 was

1551 2195 1561 2200 ·
1601 2197 1698 2232 uns
1739 2183 1869 2247 jetzt
1914 2183 1996 2232 die
2027 2182 2387 2232 natiirliche
2421 2181 2654 2236 Gemiits-

1600 2251 1885 2315 bewegnng
1910 2264 2007 2300 von
2030 2251 2191 2300 selbat
2215 2252 2384 2300 bietet.

1669 2326 1759 2370 190.
1794 2318 1852 2369 id
1882 2319 2017 2368 kann
2052 2318 2179 2368 nach
2215 2319 2305 2369 der
2341 2318 2658 2370 concinnitat

1600 2387 1694 2436 mit
1710 2387 1808 2436 den
1829 2387 2011 2436 beiden
2026 2386 2295 2451 folgenden
2307 2386 2656 2451 Satzglieddern

1598 2453 1892 2519 unmoglich
1904 2454 2090 2505 erklfirt
2098 2455 2299 2504 werden
2313 2471 2326 2503 ε
2348 2456 2660 2505 irascaturae

1597 2522 1756 2572 iudex
1775 2537 1868 2572 nec
1887 2536 1967 2580 ne,
1979 2523 2200 2572 sondern
2220 2523 2288 2573 ist
2304 2521 2548 2571 vielmehr
2565 2523 2658 2571 der

1599 2590 1703 2652 (bei
1729 2591 1861 2639 lente
1885 2589 2014 2639 ferre
2027 2589 2472 2654 ,unentbehrliche)
2498 2589 2657 2654 allge-

1598 2659 1766 2707 meine
1790 2656 2254 2722 Objectsaccuaativ
2288 2673 2379 2707 zur
2410 2656 2649 2707 Bezelch·

1598 2727 1811 2843 affinem?
1825 2725 2657 2857 Ξὲῐῗιεέἐῐῐῖίῖἓξἓζιρᾶεέιῗέιῗιιξῗ

1600 2875 1698 2909 nen
1755 2861 1933 2911 sollen.
2001 2860 2116 2925 Vgl.
2165 2861 2248 2909 die
2295 2860 2658 2912 Parallelstelle

1601 2927 1771 2987 Quint.
1805 2944 1851 2979 a.
1876 2943 1921 2977 a.
1951 2927 2006 2979 Ο.
2064 2931 2142 2977 Au
2177 2929 2262 2977 ille
2308 2928 2523 2987 dolebit,
2569 2928 2655 2991 qui

1598 2995 1772 3045 audiet
1792 3012 1895 3059 me,
1930 2996 2017 3059 qui
2052 2997 2100 3044 in
2138 2995 2235 3045 hoc
2270 2994 2364 3058 (sc.
2398 3008 2455 3046 ut
2487 2995 2656 3044 doleat

1598 3062 1780 3123 iudex)
1799 3064 1946 3124 dicat,
1967 3080 2068 3115 non
2085 3065 2369 3115 dolentem?
2393 3064 2655 3124 irascetur,

1599 3130 1646 3181 si
1687 3130 1812 3181 nihil
1854 3134 1995 3196 ipse,
2044 3133 2129 3195 qui
2175 3132 2225 3181 in
2274 3132 2398 3180 iram
2439 3133 2658 3181 concitat

1602 3213 1662 3248 se
1708 3200 1860 3262 idque
1920 3200 2103 3262 exigit,
2156 3200 2341 3250 similia
2392 3200 2656 3264 pavetur?

1597 3266 1849 3316 Woriiber
1871 3267 1951 3317 die
1971 3266 2173 3317 Richter
2193 3266 2318 3316 nach
2337 3267 2453 3316 dem
2467 3266 2655 3315 Willen

1599 3334 1691 3385 des
1710 3335 1938 3385 Redners
1960 3334 2117 3384 wider
2134 3335 2316 3385 dessen
2330 3335 2529 3399 Gegner
2546 3332 2656 3383 auf-

1597 3402 1842 3466 gebracht
1876 3404 1985 3451 sein
2018 3403 2204 3458 sollen,
2256 3403 2471 3452 dat-fiber
2509 3415 2656 3451 muas

1599 3469 1730 3519 doch
1754 3470 1847 3520 der
1869 3470 2071 3520 Redner
2092 3470 2254 3520 selbot
2277 3470 2505 3520 erbittert
2525 3469 2655 3519 sein.

1596 3537 1691 3588 Die
1723 3536 2166 3604 Gleichgiiltigkeit
2205 3538 2374 3587 dieses
2418 3536 2505 3586 hat
2539 3525 2653 3586 not-

1595 3606 1799 3671 wendig
1822 3606 1905 3656 die
1930 3604 2375 3671 Gleichgtiltigkeit
2392 3605 2540 3670 jener
2564 3619 2659 3654 zur

1586 3671 1767 3739 Fulge.

1659 3737 2105 3793 collacrimatt‘one.
2176 3740 2347 3800 Quint.
2403 3755 2454 3790 a.
2499 3754 2546 3790 a.
2593 3736 2651 3788 Ο.

1599 3809 1752 3860 siccis
1784 3809 1986 3873 agentis
2020 3808 2181 3858 oculis
2216 3808 2449 3857 lacrimas
2474 3807 2656 3858 dabit?

1597 3877 1729 3927 Fieri
1755 3891 1853 3926 non
1881 3883 2067 3942 potest.

1656 3944 1725 3995 [lt
1765 3944 1891 3994 enim
1925 3947 2063 3994 nulla
2099 3945 2354 3995 maceries.
2397 3942 2569 4002 Quint.
2601 3954 2656 3990 a.

1596 4026 1643 4063 a.
1665 4011 1720 4063 Ο.
1757 4011 1859 4061 Nec
1885 4012 2108 4062 incendit
2131 4013 2233 4062 nisi
2256 4012 2408 4076 ignis,
2435 4024 2526 4059 nec
2544 4024 2652 4058 ma-

1597 4079 1853 4129 descimus
1886 4080 1996 4128 sine
2030 4079 2263 4141 humore,
2305 4093 2399 4129 nec
2431 4093 2516 4128 res
2547 4075 2660 4127 ulla

1595 4147 1683 4196 dat
1705 4146 1848 4197 alteri
1871 4146 2106 4212 calorem,
2134 4161 2288 4211 quem
2305 4160 2406 4197 non
2428 4148 2542 4212 ipsa
2559 4144 2657 4194 ha—

1594 4216 1731 4266 beat.
1822 4255 1826 4260 .
