2930 4693
444 175 576 242 278
1011 169 1112 234 DE
1152 167 1513 232 ORATORE
1552 167 1608 231 11
1642 167 1752 233 38.
1798 174 2111 232 loo—153.

444 339 730 404 voeabula
772 358 1006 411 rerum,
1048 356 1240 418 paene
1279 355 1399 400 una
1444 347 1583 400 nata
1622 356 1761 400 cum
1798 338 1982 401 rebus
2019 340 2198 420 ipsis;
2245 347 2349 401 aut
2376 341 2494 411 eis,
2539 359 2696 422 quae

446 427 891 489 transferuntur
921 434 980 487 et
1007 425 1176 504 quasi
1204 423 1399 484 alieno
1427 425 1493 484 in
1521 423 1654 485 loco
1685 422 2083 493 collocantur;
2129 432 2234 485 aut
2261 427 2366 496 eia,
2398 443 2554 506 quae
2582 444 2698 487 no-

320 526 424 579 150
450 530 656 574 vanius
684 518 746 571 et
773 510 1026 571 facimus
1052 510 1186 588 ipsi.
1258 508 1327 569 ln
1354 509 1617 588 propriis
1644 509 1827 587 igitur
1861 517 1951 569 est
1975 508 2176 570 verbis
2203 508 2304 570 illa
2332 509 2463 571 laus
2492 518 2697 572 orato-

448 598 563 669 ria,
593 603 661 657 ut
689 595 918 657 abiecta
946 601 1123 674 atque
1153 592 1415 654 obsoleta
1446 593 1664 671 fugiat,
1706 592 1876 654 lectis
1905 600 2082 673 atque
2109 593 2441 655 illustribus
2470 603 2696 667 utatur,

444 683 511 742 in
540 679 754 761 quibus
782 679 1026 759 plenum
1068 677 1348 758 quiddam
1390 684 1450 738 et
1478 695 1698 739 sonans
1725 679 1925 739 inesse
1953 678 2241 740 videatur.
2314 679 2433 740 Sed
2470 682 2539 740 in
2576 681 2699 741 boc

445 763 767 828 verborum
798 781 1020 843 genere
1048 763 1431 843 propriorum
1462 761 1728 824 delectus
1769 770 1860 823 est
1886 761 2199 824 habendus
2239 763 2481 843 quidam
2513 771 2699 844 atque

444 851 498 913 is
539 850 772 911 aurium
812 848 1069 929 quodam
1111 847 1332 908 iudicio
1360 847 1811 927 ponderandus;
1855 848 1921 907 in
1960 865 2081 928 quo
2111 847 2481 910 consuetudo
2513 851 2700 909 etiam

318 948 415 1001 151
446 935 603 997 bene
632 932 915 1014 loquendi
943 931 1097 994 valet
1123 931 1464 1011 plurimum.
1524 930 1729 1011 Itaque
1757 932 1902 1002 hoc,
1935 932 2094 1012 quod
2123 931 2298 1012 vulgo
2328 933 2405 994 de
2436 934 2697 994 oratori-

446 1018 560 1082 bus
601 1018 675 1081 ab
716 1019 1009 1098 imperitis
1054 1016 1172 1079 dici
1212 1015 1391 1078 solet:
1437 1015 1646 1077 ‘bonis
1675 1016 1773 1077 bic
1802 1015 2054 1087 verbis,'
2099 1025 2230 1079 aut:
2278 1016 2527 1097 ‘aliquis
2569 1036 2700 1079 non

349 1102 353 1111 '
445 1104 620 1165 bonis
646 1104 879 1171 utitur,'
911 1119 1033 1163 non
1063 1108 1190 1162 arte
1220 1099 1414 1181 aliqua
1442 1100 1862 1182 perpenditur,
1895 1101 2002 1162 sed
2030 1101 2287 1182 quodam
2318 1104 2489 1182 quasi
2519 1110 2700 1164 natu-

445 1187 559 1249 rali
610 1205 790 1248 sensu
837 1185 1162 1256 iudicatum
1206 1188 1271 1246 in
1322 1204 1442 1266 quo
1496 1203 1616 1246 non
1666 1203 1881 1265 magna
1929 1185 2060 1247 laus
2112 1193 2203 1247 est
2242 1188 2429 1247 vitare
2478 1188 2699 1248 vitium

451 1273 826 1352 (quamquam
858 1279 947 1332 est
974 1271 1306 1352 magnum),
1355 1288 1562 1331 verum
1591 1277 1794 1332 tamen
1822 1271 1940 1331 boc
1968 1272 2139 1350 quasi
2167 1270 2359 1331 solum
2387 1271 2699 1352 quoddam

314 1371 418 1424 152
449 1366 625 1438 atque
657 1354 1105 1418 fundamentum
1146 1363 1263 1426 est,
1307 1354 1624 1416 verborum
1667 1374 1810 1417 usus
1849 1364 1911 1415 et
1949 1357 2119 1435 copia
2163 1353 2479 1416 bonorum.
2571 1356 2702 1417 Sed

449 1441 590 1522 quid
617 1442 746 1522 ipse
776 1441 1046 1501 aedificet
1075 1447 1277 1502 orator
1318 1441 1470 1501 etin
1500 1459 1618 1520 quo
1649 1439 1931 1519 adiungat
1971 1447 2160 1501 artem
2179 1486 2194 1510 ,
2233 1439 2296 1500 id
2339 1458 2471 1500 esse
2516 1440 2701 1501 nobis

446 1525 852 1607 quaerendum
884 1534 1060 1606 atque
1091 1524 1504 1606 explicandum
1536 1524 1784 1586 videtur.

617 1645 756 1706 Tria
785 1651 924 1707 sunt
950 1644 1130 1722 igitur
1158 1642 1222 1702 in
1250 1640 1433 1703 verbo
1464 1641 1736 1722 simplici,
1770 1660 1921 1723 quae
1953 1649 2156 1703 orator
2185 1641 2417 1702 adferat
2446 1641 2520 1702 ad
2551 1640 2696 1704 illu-

447 1729 754 1791 strandam
786 1736 964 1808 atque
995 1725 1401 1788 exornandam
1432 1728 1791 1787 orationem:
1826 1734 1927 1787 aut
1946 1726 2294 1788 inusitatum
2316 1725 2567 1787 verbum
2589 1735 2700 1788 aut

316 1828 419 1881 153
447 1822 727 1875 novatum
756 1821 858 1873 aut
886 1810 1256 1873 translatum.
1316 1811 1601 1872 Inusitata
1645 1818 1783 1872 sunt
1810 1812 2007 1891 prisca
2037 1811 2166 1872 fere
2197 1830 2265 1872 ac
2294 1818 2584 1873 vetustate
2616 1811 2696 1872 ab

446 1916 559 1959 usu
589 1897 869 1958 cotidiani
910 1898 1204 1957 sermonis
1231 1897 1350 1956 iam
1381 1895 1483 1956 diu
1522 1897 1883 1965 intermissa,
1927 1913 2078 1976 quae
2108 1903 2248 1957 sunt
2273 1901 2588 1977 poetarum
2617 1895 2697 1957 li-

447 1982 678 2063 centiae
708 1979 990 2042 liberiora
1020 1998 1197 2060 quam
1227 1988 1499 2050 nostrae3
1532 1979 1638 2041 sed
1666 1988 1868 2041 tamen
1888 1998 2026 2041 raro
2054 1979 2236 2041 habet
2264 1982 2443 2041 etiam
2463 1982 2529 2041 in
2554 1998 2695 2042 ora-

443 2066 607 2127 tione
636 2066 935 2145 poeticum
967 2064 1204 2144 aliquod
1233 2063 1482 2125 verbum
1512 2065 1879 2144 dignitatem.
1923 2065 2128 2144 Neque
2160 2066 2317 2126 enim
2349 2063 2498 2125 illud
2519 2065 2695 2144 fuge-

446 2153 558 2212 rim
605 2152 824 2220 dicere,
869 2157 932 2212 ut
964 2147 1221 2212 Caelius:
1270 2148 1418 2221 ‘Qua
1462 2155 1814 2230 tempestate
1844 2149 2079 2210 Poenus
2118 2151 2182 2210 in
2211 2148 2438 2211 Italiam
2481 2151 2693 2223 venit,'

1614 2452 1655 2502 B
1683 2394 1772 2503 252.
1803 2386 2064 2450 aedificet,
2087 2385 2183 2437 auf
2200 2387 2395 2439 diesem
2420 2386 2601 2439 Grund
2628 2405 2686 2441 u.

1657 2468 1687 2504 ο
1728 2470 1810 2503 en.

1681 2519 1765 2583 38,
1792 2529 1884 2571 153.
1918 2521 2053 2585 fere,
2089 2518 2121 2588 S
2145 2521 2230 2585 34,
2256 2524 2304 2572 11
2328 2522 2412 2586 14,
2436 2532 2506 2573 61.
2547 2532 2693 2575 vetu-

1612 2595 1775 2649 state,
1813 2589 1877 2638 de
1901 2588 2004 2654 leg.
2032 2588 2185 2649 1119,
2223 2600 2275 2640 20
2323 2606 2383 2641 ea
2416 2606 2550 2654 quae
2582 2592 2690 2641 iam

1611 2657 1782 2721 prisca
1827 2656 2065 2707 videntur
2108 2666 2317 2723 propter
2356 2666 2700 2726 vetustatem,-

1613 2723 1980 2774 archaistische
2027 2725 2358 2787 Ausdriicke‚
2409 2726 2494 2776 die
2544 2728 2689 2778 einer

1611 2790 1852 2844 friiheren
1900 2791 2308 2859 Spracbperiode
2366 2794 2684 2860 angebdren,

1611 2861 1733 2910 aber
1757 2858 1889 2908 noch
1912 2859 2194 2925 gebraucht
2218 2862 2426 2912 werden
2450 2863 2682 2913 ki'mnen.

1680 2928 1941 2987 liberiora,
1964 2926 2082 2977 eher
2099 2937 2358 2993 gestattet,
2374 2929 2686 2992 Quint.v111

1612 2992 1670 3058 6,
1707 3004 1757 3045 19
1802 2994 2125 3059 synecdoche
2163 3023 2228 3032 —-
2260 2997 2467 3048 liberior
2510 2999 2682 3065 poetis

1614 3077 1767 3125 quam
1792 3064 2096 3115 oratoribus.

1678 3147 1822 3189 raro,
1847 3129 1937 3179 hin
1961 3131 2068 3182 und
2092 3131 2297 3194 wieder,
2320 3130 2432 3181 hier
2455 3133 2565 3182 und
2591 3134 2677 3197 da,

1609 3194 1641 3264 S
1664 3196 1781 3257 201,
1809 3197 1893 3248 Or.
1919 3198 2003 3261 24,
2043 3207 2095 3249 80
2128 3199 2221 3249 sed
2246 3200 2401 3250 etiam
2434 3200 2682 3250 inusitata

1608 3281 1668 3315 ac
1691 3266 1864 3332 prisca
1886 3276 2007 3316 sunt
2036 3268 2089 3316 in
2112 3268 2365 3334 propriis,
2402 3269 2506 3318 nisi
2541 3269 2681 3331 qnod

1610 3348 1725 3384 raro
1751 3334 1961 3383 utimur.

445 2388 658 2453 eigends
679 2388 1073 2452 neugebildeten
1087 2383 1293 2437 Wiirter
1306 2383 1369 2451 (3
1383 2384 1512 2450 154)

444 2454 711 2588 §giliis-um
730 2454 805 2520 ·a)
843 2456 1045 2521 eigentl.
1060 2492 1076 2518 ‚
1122 2452 1182 2518 b)
1216 2454 1384 2545 flgiirl.
1400 2490 1415 2515 ,
1453 2454 1511 2516 o)

510 2625 679 2675 alieno
696 2626 752 2674 in
770 2627 897 2683 loce,
917 2622 1141 2674 insofern
1156 2622 1513 2690 dieMetapher

445 2691 802 2810 giignssisslrlgztdes
826 2691 1127 2757 unflgiirlich
1133 2707 1195 2741 en
1208 2692 1511 2742 Ausdrucks

512 2852 602 2892 150.
643 2844 811 2900 Ιεοίἰε,
850 2840 988 2903 Ῑ34,
1024 2816 1142 2901 1543⁴
1165 2843 1230 2892 de
1257 2849 1360 2910 opt.
1386 2823 1507 2907 gen,

444 2918 573 2962 orat.
599 2910 649 2972 2,
673 2918 699 2958 4
722 2908 1091 2975 perficiendum
1118 2919 1196 2960 est
1218 2936 1284 2945 —
1310 2911 1361 2959 in
1386 2925 1510 2977 pro-

444 2978 572 3043 priis
600 2988 655 3027 nt
679 2975 965 3026 lautissima
991 2977 1261 3041 eligamus,

513 3070 606 3115 151.
640 3060 704 3112 ab
738 3061 1014 3125 imperitis,
1064 3074 1166 3110 von
1200 3060 1388 3123 Laien,
1423 3061 1509 3112 die

440 3129 552 3181 also
587 3127 830 3194 lediglich
863 3143 966 3179 von
1000 3129 1166 3178 einem
1194 3128 1510 3179 natiirlichen

441 3194 658 3261 Gefiibl,
716 3195 854 3246 nicht
899 3211 1002 3247 von
1048 3197 1093 3246 ir
1132 3196 1232 3246 end
1278 3195 1507 3247 welcben

437 3263 815 3315 theoretischen
848 3264 1043 3330 Regeln
1089 3211 1250 3329 farte)
1298 3264 1509 3331 geleitet

440 3334 665 3385 werden.

507 3420 672 3469 vitare
694 3419 880 3479 vitium,
906 3415 1224 3483 fehlerhafte‚
1248 3407 1522 3466 schleehte'

442 3486 929 3547 Ausdrucksweise‚
989 3487 1194 3550 negativ
1252 3484 1506 3546 desselbe‚

442 3566 549 3603 was
573 3553 844 3603 verborum
868 3568 995 3603 usus
1020 3555 1289 3604 bonorum.

511 3652 806 3701 quamquam
840 3644 919 3686 est
940 3652 1189 3701 magnum,
1227 3637 1273 3686 11
1304 3636 1398 3695 22,
1433 3645 1505 3702 91,

442 3704 539 3753 wie
569 3703 711 3754 Brut.
737 3702 835 3766 37,
871 3712 947 3753 140
993 3719 1110 3754 nam
1144 3706 1317 3770 ipsum
1350 3705 1505 3755 latine
1539 3759 1541 3761 v

441 3772 583 3834 loqui
618 3781 696 3821 est
726 3771 858 3821 illud
892 3772 1102 3833 quidem
1133 3797 1202 3809 —
1233 3773 1285 3821 in
1319 3787 1509 3838 magna

440 3839 595 3889 laude
637 3839 958 3905 ponendum,
1010 3840 1105 3889 sed
1138 3855 1239 3889 nou
1274 3848 1375 3890 tam
1412 3856 1522 3891 sua>

443 3915 629 3973 sponte
650 3922 801 3971 quam
823 3907 961 3971 quod
980 3915 1058 3958 est
1080 3922 1111 3955 a
1128 3908 1390 3974 plerisque
1416 3923 1503 3957 ne-

442 3976 684 4039 glectum.
731 3978 891 4026 solum
914 3984 1030 4035 etc„
1054 3975 1195 4027 Brut.
1215 3974 1302 4041 74,
1324 3985 1402 4026 258
1425 3990 1509 4027 so-

442 4042 547 4091 lum
585 4043 790 4105 quidem
827 4053 878 4092 et
923 4044 1072 4105 quasi
1115 4043 1506 4094 fundamentum

444 4110 659 4157 oratoris
682 4110 827 4159 vides
851 4110 1160 4160 locutionem
1185 4112 1504 4162 emendatam

444 4173 738 4240 (fehlerlos)
763 4184 814 4225 et
834 4177 1085 4226 Latinam.

1677 3420 1731 3469 in
1762 3419 2026 3478 oratione,
2061 3419 2117 3467 in
2150 3419 2241 3468 der
2264 3419 2451 3483 Prosa,
2487 3421 2520 3483 S
2549 3420 2677 3480 174;

1615 3483 1728 3535 184.
1778 3485 1861 3536 Or.
1885 3485 1972 3549 59,
1997 3496 2073 3537 201
2109 3487 2213 3537 Nec
2236 3487 2288 3536 in
2315 3489 2542 3539 numeris
2564 3502 2679 3537 ma·-

1609 3555 1693 3619 gis
1718 3568 1872 3617 quam
1908 3555 1962 3603 in
1986 3555 2194 3618 reliquis
2220 3557 2535 3606 ornamentis
2561 3571 2675 3606 ora-

1609 3623 1789 3681 tionis,
1849 3622 2027 3671 eadem
2074 3637 2187 3688 cum
2246 3622 2498 3673 faciamus
2544 3638 2679 3687 quae

1608 3699 1818 3756 poetae,
1853 3690 2130 3754 effugimus
2163 3699 2330 3740 tamen
2366 3693 2420 3740 in
2443 3691 2676 3741 oratione

1608 3758 1862 3823 poematis
1884 3758 2290 3808 similitudinem.

1666 3847 1984 3905 tempestate,
2011 3837 2179 3907 8219,
2205 3840 2465 3892 brauchen
2477 3841 2564 3891 fiir
2579 3841 2676 3892 das

1609 3908 1963 3974 prosaischere
2010 3921 2242 3974 tempore
2290 3907 2421 3959 noch
2457 3907 2670 3972 Sallust,

1608 3976 1787 4026 Livius
1812 3992 1866 4025 u.
1893 3976 1997 4026 Cic.
2024 3977 2211 4037 selbst,
2246 3977 2313 4027 de
2333 3977 2441 4028 div.
2466 3978 2488 4026 Ι
2512 3975 2598 4037 34,
2621 3987 2676 4026 75

1610 4045 1890 4107 eademque
1936 4051 2241 4110 tempestate
2284 4045 2460 4095 multis
2506 4046 2672 4110 signis

1607 4111 2023 4163 Lacedaemoniis
2041 4112 2338 4163 Leuctricae
2357 4127 2566 4179 pugnae
2583 4126 2669 4163 ea-

1608 4180 1811 4230 lamitas
1835 4180 2253 4231 denuntiabatur.
