2930 4693
870 205 969 270 DE
999 205 1357 272 ORATORE
1385 209 1438 273 11
1470 209 1572 272 64.
1604 216 1911 274 258-260.

437 377 505 438 In
534 378 652 440 hoc
681 393 869 458 genus
898 376 1296 439 coniiciuntur
1335 379 1678 460 proverbia:
1723 388 1788 443 ut
1825 381 1970 444 illud
2002 383 2314 466 Scipionis,
2356 407 2491 452 cum
2520 400 2624 452 258

2372 224 2495 289 189

261 461 496 525 Asellus
549 480 759 524 omnes
797 463 1135 542 provincias
1175 463 1465 543 stipendia
1495 473 1824 528 merentem
1867 486 1929 528 se
1971 487 2322 550 peragrasse
2364 473 2489 553 glo·
2545 486 2553 492 ’

260 548 548 610 riaretur:
595 547 775 625 ‘Agas
816 545 1099 608 asellum’
1143 554 1202 608 et
1247 555 1464 610 cetera.
1552 549 1748 622 Quare
1794 568 1862 615 ea
1904 572 2166 635 quoque,
2209 560 2487 637 quoniam

261 634 502 694 mutatis
533 630 728 692 verbis
758 649 879 693 non
906 638 1155 713 possunt
1177 634 1438 694 retinere
1472 634 1719 696 eandem
1751 645 2133 710 venustatem,
2166 657 2287 701 non
2315 643 2378 701 in
2399 661 2486 714 re,

261 716 367 778 sed
396 717 457 778 in
487 716 685 778 verbis
713 718 906 798 posita
936 716 1244 779 ducantur.

432 802 535 862 Est
580 802 757 863 etiam
798 802 862 862 in
891 800 1074 863 verbo
1111 803 1368 882 positum
1401 820 1520 864 non
1564 803 1854 867 insulsum
1883 824 2069 885 genus
2113 826 2184 870 ex
2216 828 2304 880 eo,
2349 828 2487 872 cum
2516 824 2620 875 259

259 884 336 946 ad
370 885 634 956 verbum,
679 903 800 946 non
831 885 905 947 ad
935 887 1289 948 sententiam
1319 905 1446 949 rem
1481 889 1750 970 accipere
1780 890 2044 962 videare;
2093 911 2164 954 ex

259 987 482 1049 genere
511 978 670 1032 totus
701 977 791 1031 est
819 970 1023 1041 Tutor,
1067 973 1285 1033 mimus
1312 980 1495 1043 vetuS,
1540 974 1757 1054 oppido
1787 974 2089 1037 ridiculus.
2178 977 2296 1038 Sed
2337 977 2486 1040 abeo

259 1071 294 1114 a
325 1055 553 1136 mimis;
596 1062 825 1116 tautum
856 1072 1043 1135 genus
1071 1056 1248 1118 huius
1279 1056 1516 1119 ridiculi
1543 1056 1765 1137 insigni
1796 1057 1990 1140 aliqua
2022 1068 2082 1122 et
2111 1068 2249 1123 nota
2280 1079 2348 1123 re
2379 1081 2484 1124 no-

263 1139 379 1199 tari
407 1139 560 1200 volo.
648 1139 753 1201 Est
781 1146 979 1201 autem
1011 1160 1083 1202 ex
1111 1141 1229 1202 hoc
1258 1158 1480 1221 genere
1508 1141 1670 1213 illud,
1720 1144 1877 1224 quod
1906 1151 1989 1216 tu,
2022 1146 2247 1218 Crasse,
2293 1166 2485 1227 nuper

260 1221 336 1294 ei,
369 1225 473 1304 qui
500 1231 560 1285 te
590 1230 873 1303 rogasset,
918 1242 1060 1287 num
1092 1225 1200 1287 tibi
1229 1225 1512 1288 molestus
1542 1234 1699 1288 esset
1728 1229 1979 1299 futurus,
2024 1232 2075 1292 si
2117 1231 2188 1292 ad
2230 1239 2291 1292 te
2329 1230 2485 1293 bene

258 1314 398 1368 ante
440 1306 637 1370 lucem
683 1310 966 1370 venisset:
1011 1310 1138 1371 ‘Tu
1178 1328 1339 1382 vero,
1382 1313 1651 1392 inquisti,
1706 1312 1989 1375 molestus
2032 1333 2152 1376 non
2195 1317 2359 1378 eris?
2402 1350 2485 1361 —-

260 1390 537 1453 ‘Iubebis
565 1394 748 1471 igitur
776 1400 852 1464 te,
884 1396 1094 1475 inquit,
1128 1397 1436 1456 suscitari?
1451 1399 1473 1427 '
1509 1432 1585 1441 —
1619 1404 1679 1458 et
1707 1405 1799 1459 tu:
1842 1401 1862 1432 ‘
1880 1399 2054 1460 Certe
2095 1394 2378 1480 negaram
2424 1406 2481 1462 te
2512 1413 2615 1465 260

1015 1479 1104 1541 Ex
1145 1479 1355 1541 eodem
1396 1480 1512 1542 hoc
1552 1488 1719 1542 vetus
1759 1481 1904 1544 illud
1946 1490 2063 1554 est,
2121 1484 2279 1563 quod
2319 1485 2484 1545 aiunt

257 1475 572 1538 molestum
616 1477 927 1540 futurum!

255 1560 721 1639 Maluginensem
750 1560 916 1624 illum
934 1562 1009 1625 Μ.
1038 1564 1397 1644 Scipionem,
1429 1583 1563 1627 cum
1598 1585 1669 1627 ex
1701 1568 1965 1628 centuria
1989 1585 2090 1628 sua
2115 1570 2485 1630 renuntiaret

254 1643 566 1706 Acidinum
620 1646 924 1709 consulem
973 1658 1311 1729 praecoque
1364 1649 1638 1712 dixisset:
1695 1656 1715 1687 ‘
1734 1650 1838 1712 Dic
1882 1651 1954 1711 de
1984 1651 2051 1713 L.
2082 1651 2366 1713 Manlio:'
2406 1687 2476 1697 —-

257 1729 493 1791 ‘Virum
525 1728 766 1802 honum,
797 1733 1008 1812 inquit,
1042 1735 1464 1815 egregiumque
1488 1736 1677 1796 civem
1703 1753 1831 1796 esse
1854 1735 2161 1797 arbitror?
2212 1735 2482 1798 Ridicule

255 1814 433 1875 etiam
477 1811 624 1877 illud
666 1815 730 1877 L.
777 1816 1022 1879 Porcius
1061 1817 1274 1880 Nasica
1316 1821 1554 1880 censori
1595 1820 1822 1889 Catoni,
1865 1838 1997 1881 cum
2044 1819 2175 1881 ille:
2227 1825 2247 1856 ‘
2265 1821 2351 1881 Ex
2395 1822 2484 1882 tui

253 2048 534 2101 Drachmen
551 2087 565 2114 ‚
594 2052 775 2117 betrug
797 2052 906 2103 also
931 2052 1043 2119 (die
1067 2053 1315 2103 Drachme
1358 2105 1367 2114 ,

258 2135 322 2169 zu
359 2117 610 2183 uugefiihr
642 2117 676 2169 6
701 2119 815 2183 Sgr.
848 2118 1149 2185 gerechnet)
1188 2120 1331 2192 nach.

256 2201 463 2237 unserm
487 2186 614 2237 Geld
639 2202 684 2237 c.
708 2185 777 2236 20
800 2188 1000 2238 Thaler.

321 2264 415 2304 258.
452 2254 597 2321 Aqua
620 2258 824 2306 asellum
852 2283 912 2290 —-
949 2256 1202 2306 eutweder
1228 2257 1317 2306 mit

255 2322 346 2373 der
374 2322 681 2389 Ergiinzuug
714 2324 773 2373 ‘si
810 2324 994 2376 bovem
1026 2338 1178 2389 agere
1213 2339 1316 2375 non

255 2390 430 2453 queas’
458 2389 586 2441 nach
605 2392 720 2441 dem
739 2391 1140 2456 griechischenS
1178 2392 1316 2443 rich-

251 2467 411 2538 yortt
456 2454 513 2511 sl
541 2451 620 2525 μὴ
657 2452 862 2511 δύναιο
933 2457 1065 2527 οὖν,
1141 2461 1315 2514 λαυνε

254 2542 420 2579 ovov:
452 2541 557 2577 wer
579 2527 695 2577 kein
720 2525 877 2578 Pferd
933 2537 1012 2588 at,
1037 2543 1180 2580 muas
1204 2528 1315 2580 sich

253 2595 348 2645 mit
371 2595 487 2645 dem
510 2594 629 2644 Esel

254 2663 345 2712 der
369 2661 496 2713 Sinu
520 2665 678 2713 ware:
717 2663 837 2713 dass
875 2664 943 2713 du
977 2664 1078 2713 viel
1112 2664 1319 2728 gedient

252 2730 368 2783 hast
393 2730 500 2779 und
523 2730 718 2779 iiberall
742 2730 1068 2795 mitgewesen
1094 2732 1223 2793 bist,
1248 2731 1317 2780 ist

254 2813 317 2847 an
342 2796 453 2848 sich
477 2796 609 2849 noch
644 2798 761 2847 kein
786 2797 980 2857 Ruhm3
1021 2800 1075 2849 in
1100 2798 1316 2849 Etman-

253 2866 444 2931 gelung
467 2880 566 2916 von
593 2864 854 2915 Besserem
889 2865 1022 2916 sieht
1051 2866 1140 2916 der
1163 2866 1315 2916 Feld·

252 2934 372 2984 herr
390 2932 497 2984 sich
524 2932 598 2983 oft
614 2935 858 2999 gendtigt,
883 2933 991 2983 sich
1017 2932 1130 2999 (mit
1148 2934 1314 2984 einem

253 3002 483 3064 Asellus)
504 3017 567 3051 zu
594 2999 853 3058 behelfenz
881 3029 942 3039 —-
969 3002 1093 3053 oder
1108 3003 1201 3051 mit
1225 3003 1317 3053 der

252 3070 564 3135 Ergiinzung
607 3070 830 3119 ‘cursum
871 3084 970 3120 non
1008 3070 1316 3122 docebitur'a

253 3138 374 3189 dass
417 3138 488 3188 du
527 3152 586 3188 so
623 3138 737 3186 weit
777 3136 956 3187 umber
992 3140 1316 3204 gekommen,

251 3205 342 3256 hat
358 3205 472 3257 dich
494 3203 631 3255 nicht
648 3206 826 3256 besser
843 3205 1095 3271 gemacht,
1122 3206 1191 3257 du
1213 3206 1319 3257 bist

253 3274 361 3324 und
386 3273 570 3324 bleibst
594 3274 685 3324 der
708 3272 807 3323 alte
831 3273 1053 3324 Asellus.

321 3350 415 3393 ²59.
450 3343 525 3392 ad
552 3341 779 3401 verbum,
826 3342 923 3390 wie
954 3342 1039 3390 bei
1075 3355 1313 3391 unserem

252 3409 614 3476 Eulenspiegel
638 3408 761 3458 oder
785 3409 885 3458 den
907 3399 1312 3459 ffiahwiuklern.

328 3477 488 3529 Tutor
507 3504 571 3516 —
591 3477 779 3527 desseu
803 3474 1018 3526 naherer
1034 3474 1199 3526 Inhalt
1217 3491 1315 3526 uns

255 3543 394 3596 nicht
417 3545 642 3596 bekannt
664 3546 750 3594 ist.

321 3615 515 3680 oppido
529 3639 586 3650 —
616 3614 791 3679 spater
808 3626 907 3663 von
934 3610 1103 3672 Quint.
1121 3610 1242 3660 VIII
1266 3609 1315 3673 3,

255 3689 306 3731 25
351 3682 426 3732 als
468 3680 796 3732 archaistisch
830 3678 1142 3730 verworfem
1189 3682 1318 3729 satis

258 3755 334 3798 est
359 3758 532 3806 vetus:
569 3750 693 3811 quid
717 3763 930 3800 necesse
964 3752 1065 3807 est,
1103 3760 1316 3811 quaeso,

258 3817 424 3867 dicere
463 3819 656 3884 oppido
704 3831 803 3879 quo
839 3817 918 3867 usi
953 3822 1074 3867 sunt
1106 3813 1316 3883 paulum

255 3891 483 3950 tempore
506 3893 679 3936 nostro
705 3884 1031 3949 superiores?

322 3955 556 4004 molestus
580 3967 680 4003 non
714 3954 843 4010 en‘s,
892 3954 958 4003 ob
995 3967 1049 4002 er
1081 3949 1198 4002 dich
1222 3966 1316 4016 ge-

258 4021 435 4082 nierte,
460 4021 492 4083 s
515 4019 582 4072 13
619 4045 683 4055 -—
716 4020 808 4069 mit
830 4019 985 4069 leicht
1008 4019 1315 4070 verstfindli-

258 4086 403 4136 chem
427 4088 763 4155 Doppelsinn.

324 4164 419 4209 200.
454 4155 743 4221 Scipionem
769 4179 826 4190 —
856 4170 929 4204 sc.
955 4153 1167 4205 dixisse.

323 4238 397 4275 ea>
419 4225 651 4275 centuria
672 4239 782 4284 sua,
810 4238 853 4274 s.
881 4222 990 4273 ind.
1019 4220 1255 4271 Cornelii.

655 2597 921 2661 begniigen
935 2633 948 2659 ,
986 2597 1169 2647 sodass
1202 2596 1313 2646 also

1485 2057 1704 2106 censori.
1754 2055 1822 2106 Es
1860 2055 1944 2121 lag
1981 2056 2080 2106 den
2107 2057 2360 2107 Censoren
2398 2058 2483 2121 ob,

1418 2120 1570 2173 theiis
1608 2122 1791 2174 behufs
1827 2123 1915 2172 der
1951 2122 2303 2189 Sittenpolizei
2335 2126 2484 2175 iiber-

1416 2189 1596 2256 haupt,
1620 2189 1771 2239 theiis
1799 2189 1980 2241 behufs
2007 2191 2098 2241 des
2118 2206 2206 2240 aes
2225 2193 2480 2254 uxorium,

1418 2258 1512 2307 das
1539 2258 1621 2324 die
1649 2258 1869 2307 caelibes
1896 2274 1960 2308 zu
1982 2257 2265 2308 eutrichten
2290 2257 2480 2320 hatten,

1416 2324 1786 2388 festzustelleu‚
1812 2326 1877 2376 ob
1896 2325 2115 2377 Jemand
2140 2326 2192 2377 in
2218 2324 2483 2376 ehelichen

1416 2392 1810 2444 Verbaltnissen
1832 2393 1943 2444 lebe
1968 2394 2092 2445 oder
2115 2393 2270 2445 nicht.
2314 2393 2483 2444 Daher

1418 2462 1553 2512 heim
1576 2461 1772 2512 Census
1799 2460 1881 2510 die
1900 2462 2060 2527 Frage
2084 2476 2150 2511 an
2168 2461 2325 2526 jeden
2350 2461 2483 2510 voll-

1410 2528 1647 2593 jahrigen
1666 2528 1874 2593 Biirger,
1900 2529 1991 2579 der
2015 2530 2161 2578 einen
2186 2529 2483 2579 Hausstand

1417 2597 1712 2662 begriinden
1738 2596 1958 2646 konnte:
1987 2610 2053 2645 ex
2077 2596 2152 2645 tui
2175 2596 2333 2644 animi
2356 2610 2479 2644 sen-

1418 2664 1579 2713 tentia
1604 2659 1912 2728 (responde)
1944 2670 2001 2712 tu
2035 2677 2250 2713 uxorem
2284 2661 2480 2713 habes?

1418 2731 1470 2781 d.
1495 2730 1548 2779 h.
1574 2730 1668 2780 auf
1685 2729 1868 2780 Pssicht
1891 2745 1944 2779 u.
1971 2728 2231 2780 Gewissen
2256 2728 2480 2796 (sprich)

1416 2799 1523 2848 bist
1540 2798 1608 2848 du
1628 2796 1966 2847 verheiratet?
1988 2797 2089 2847 Der
2106 2797 2250 2847 Witz
2268 2797 2355 2861 lag
2371 2797 2479 2846 also

1416 2867 1468 2915 in
1496 2866 1612 2915 dem
1629 2865 1946 2932 Doppelsinn
1972 2880 2037 2916 ex
2055 2866 2156 2913 mei
2179 2865 2337 2915 animi
2359 2879 2482 2915 sen-

1415 2934 1600 2997 tentia,
1650 2933 1742 2984 das
1789 2933 2054 2983 einerseits
2087 2930 2481 2983 Schwurl'ormel

1414 3002 1484 3052 ist
1510 3029 1573 3037 —
1600 3000 1774 3061 Quint.
1792 3000 1914 3051 VIII
1936 3000 1986 3064 5,
2015 3009 2037 3050 1
2059 3000 2367 3050 sententiam
2388 3015 2480 3049 ve·

1419 3081 1553 3120 teres
1579 3068 1718 3133 quod
1751 3069 1918 3120 animo
1944 3069 2228 3119 sensissent
2260 3082 2480 3118 vocave-

1418 3147 1561 3195 runt;
1598 3152 1714 3186 nam
1742 3143 1790 3187 et
1814 3138 2026 3187 iuraturi
2051 3152 2116 3187 ex
2139 3135 2297 3185 animi
2321 3135 2484 3184 nostri

1418 3206 1674 3255 sententia
1709 3213 1758 3254 et
1788 3205 2106 3269 gratulantes
2139 3218 2204 3254 ex
2228 3202 2482 3252 sententia

1420 3274 1661 3323 dicimus.
1731 3271 1841 3323 Liv.
1867 3270 2017 3320 XXII
2051 3268 2144 3329 53,
2183 3278 2232 3319 10
2280 3285 2347 3318 ex
2378 3269 2480 3318 mei

1416 3341 1576 3390 animi
1599 3339 1875 3399 sententia,
1901 3338 2068 3400 inquit
2092 3334 2191 3400 (sc.
2215 3334 2382 3399 iuro),
2423 3342 2482 3385 ut

1417 3421 1513 3473 ego
1536 3422 1643 3457 rem
1668 3406 1926 3472 publicam
1944 3404 2123 3470 populi
2139 3403 2359 3455 Romani
2376 3417 2480 3453 non

1418 3475 1679 3534 deseram,
1713 3488 1880 3536 neque
1912 3472 2067 3521 alium
2100 3472 2265 3521 civem
2288 3470 2480 3520 Roma-

1418 3557 1542 3593 num
1568 3544 1804 3593 deserere
1835 3540 2000 3607 patiar
2045 3537 2147 3603 (sc.
2185 3540 2257 3589 ita
2290 3552 2374 3588 me
2407 3539 2480 3589 dii

1416 3608 1635 3675 ament).
1660 3609 1833 3659 XXIII
1859 3606 1940 3668 15,
1966 3616 1990 3656 8
2013 3608 2083 3655 ita
2105 3607 2187 3657 ius
2211 3606 2482 3656 iurandum

1416 3678 1717 3744 adigebant:
1754 3691 1820 3727 ex
1852 3675 1927 3726 tui
1961 3674 2120 3726 animi
2150 3673 2404 3726 sententia
2426 3680 2483 3723 tu

1420 3762 1486 3798 ex
1519 3746 1687 3797 edicto
1722 3745 1775 3794 iu
1799 3742 2148 3793 Macedoniam
2172 3741 2363 3792 redibis
2388 3755 2480 3797 -3

1417 3813 1759 3868 andererseits
1778 3810 1862 3860 die
1874 3810 2177 3875 Bedeutung
2194 3809 2304 3858 hat:
2334 3806 2482 3856 ‘nach

1417 3883 1646 3933 Heraens
1681 3876 1953 3929 Wunsch.’
1989 3904 2052 3914 —
2088 3876 2213 3930 Gell.
2249 3875 2344 3937 IV,
2393 3874 2478 3936 20,

1420 3950 1512 4000 der
1535 3947 1761 3998 dieselbe
1782 3945 2049 3996 Anekdote
2075 3943 2208 3995 ohne
2226 3942 2482 4006 Nennung-

1420 4031 1518 4065 von
1545 4014 1737 4064 Namen
1764 4013 1935 4071 erzalt,
1961 4013 2069 4078 gibt
2091 4026 2184 4073 an,
2222 4010 2344 4060 dass
2369 4010 2478 4068 der,

1419 4082 1636 4133 welcher
1655 4082 1755 4132 den
1773 4081 1914 4130 Witz
1934 4079 2169 4146 gemacht
2193 4076 2482 4144 (cavillator

1418 4150 1627 4215 quidam
1654 4159 1703 4198 et
1725 4147 1999 4198 canalicola
2031 4153 2082 4196 et
2114 4146 2265 4197 nimis
2289 4145 2481 4196 ridicu-

1415 4215 1632 4282 larius),
1666 4231 1787 4268 vom
1813 4215 2004 4267 Censor
2027 4215 2300 4281 deswegen
2333 4211 2484 4280 (quia

2206 912 2322 973 quo
2363 913 2487 956 uno⁴
2560 962 2564 967 ,
2632 966 2641 974 ,
