2930 4693
959 255 1417 321 EINLEITUNG
1452 257 1500 319 il
1531 260 1567 338 §
1602 264 1684 322 10.
2302 275 2433 324 Lm

222 429 367 493 delte
415 447 479 491 es
529 430 651 491 sich
695 429 985 492 demnach
1026 429 1208 490 sowol
1246 448 1346 491 um
1391 429 1486 491 die
1516 447 1622 491 vor
1663 429 1809 491 oder
1848 448 2053 493 ausser
2090 433 2200 495 der
2230 434 2421 496 Sache

221 517 333 578 und
384 515 490 577 der
533 514 924 595 eigentlichen
966 514 1304 594 Thetigkeit
1355 514 1457 577 des
1500 515 1771 577 Redners
1818 514 2135 595 liegenden
2178 519 2435 581 Beweis-

221 600 395 663 mitte}
420 650 434 672 ,
496 601 590 662 die
632 598 885 672 πίστεις
936 594 1198 681 ἄτεχνοι
1209 597 1282 679 ⁵⁷)
1330 599 1499 679 (oder
1545 601 1697 662 auch
1744 596 2066 685 ἐπίθετοι)
2082 599 2158 680 ⁵⁸)
2208 637 2280 649 -
2326 606 2438 666 wie

221 686 607 766 Priijudicien,
664 693 836 764 guter
876 685 1023 746 oder
1063 685 1242 747 beser
1281 686 1591 747 Leumund
1615 736 1631 757 ,
1685 685 2268 765 FoitergestfindniS,
2322 690 2436 752 Ur·

220 771 475 842 handen,
507 771 644 842 Eid,
677 772 914 850 Zeugen
960 806 1031 816 -
1050 820 1065 842 ,
1098 770 1184 832 ais
1212 790 1313 833 um
1345 771 1440 832 die
1470 770 1787 832 innerhalb
1820 771 1927 832 der
1956 773 2147 837 Sache
2174 774 2300 834 und
2330 775 2438 836 der

221 856 547 936 Thetigkeit
587 856 692 917 des
720 856 990 918 Redners
1040 856 1352 937 liegenden
1384 855 1829 928 Beweismittel,
1877 856 1972 919 die
2021 858 2274 931 πίστεις
2325 858 2440 921 ἔν·-

219 961 427 1022 τεχνοι
439 939 513 1023 ⁵⁹)
576 978 646 988 --
696 943 807 1002 wie
849 941 1750 1022 Wahrseheinlichkeitsgrfinde
1805 942 1926 1004 und
1970 943 2237 1005 Indicien
2260 993 2277 1016 ,
2331 944 2438 1006 der

222 1027 526 1106 eigentlich
556 1026 841 1110 ‘logische
892 1027 1119 1089 Beweis
1167 1027 1288 1088 und
1342 1027 1451 1088 der
1502 1027 1728 1088 Beweis
1774 1046 1879 1088 aus
1932 1029 2236 1108 Analogie.
2330 1029 2438 1091 Die

221 1112 745 1191 eigentlichen
818 1110 1275 1195 (logischen)
1350 1113 1686 1174 Beweise
1759 1113 2034 1175 zerfielen
2106 1115 2259 1176 nach
2331 1114 2440 1176 der

221 1198 460 1259 Theorie
492 1197 601 1258 der
630 1195 1041 1276 griechischen
1071 1197 1377 1259 Rhetoren
1422 1198 1646 1279 wieder
1684 1200 1746 1259 in
1777 1192 2173 1275 ἀποδείξεις,
2225 1195 2440 1262 ἐνθυ-

217 1278 468 1363 μήματα
491 1283 611 1343 und
637 1277 1109 1364 ἐπιχειρήματα
1120 1281 1212 1365 ⁰⁰),
1245 1283 1301 1344 d.
1319 1283 1378 1344 h.
1410 1284 1958 1346 man‘unterschied
1985 1286 2276 1347 zwisehen
2302 1285 2439 1348 dem

221 1376 488 1446 strengen
530 1387 597 1428 so
629 1387 711 1429 ·zu
751 1385 932 1446 sagen
962 1370 1492 1451 mathematisehen
1523 1369 1781 1440 Beweis,
1815 1364 2267 1449 ἄπόδειξιςθί),
2301 1371 2438 1432 dem

218 1452 765 1514 Inductionsbeweis
786 1502 802 1523 ,
856 1452 964 1514 der
1012 1472 1116 1514 aus
1158 1454 1633 1515 unbestrittenen
1689 1453 1837 1515 oder
1889 1457 2252 1517 erwieseuen
2295 1456 2439 1518 Pra-

218 1540 421 1600 missen
466 1538 748 1599 Sehlflsse
791 1539 977 1609 zieht,
1032 1538 1166 1600 dem
1222 1534 1665 1621 ἐνθύμημαθῖ)
1716 1540 1863 1601 oder
1906 1540 2439 1603 oratorischen

221 1622 709 1703 syllogismus
742 1659 819 1669 —-
853 1623 999 1685 oder
1036 1625 1143 1685 der
1174 1619 1491 1705 ἐπαγωγή
1534 1625 1615 1685 im
1647 1643 1912 1704 engeren
1942 1625 2090 1686 Sinn
2108 1621 2217 1702 ⁰³),
2262 1625 2348 1686 oft
2374 1627 2439 1686 in

220 1707 315 1769 der
341 1709 519 1769 Form
553 1708 660 1769 der
689 1709 1098 1771 oratorischen
1127 1710 1317 1788 Frage
1354 1744 1424 1754 —-·
1444 1757 1459 1779 ,
1508 1709 1628 1770 und
1674 1709 1809 1771 dem
1843 1705 2271 1790 ἐπιχείρημα,
2331 1709 2439 1772 der

219 1797 509 1869 ayqresse‘o
541 1794 688 1855 oder
717 1792 925 1856 besser
952 1798 1359 1871 ratiocinatio,
1393 1794 1501 1856 der
1532 1795 1844 1856 eiufachen
1874 1795 2297 1874 vernunstigen
2327 1794 2437 1856 Er-

219 1885 468 1959 wfigung,
505 1880 603 1940 die
635 1898 738 1940 aus
767 1880 875 1940 der
903 1881 1091 1942 Natur
1121 1879 1229 1941 der
1258 1881 1447 1941 Sache
1480 1879 1575 1941 die
1606 1879 2069 1942 entseheidende
2100 1879 2441 1960 Foigerung

280 2066 361 2127 57)
386 2067 466 2118 Or.
502 2076 636 2133 part.
682 2082 726 2116 c.
765 2065 853 2126 14,
890 2074 941 2117 48
988 2083 1118 2131 quae
1160 2068 1271 2117 sine

221 2142 316 2184 arte
345 2135 451 2196 (bei
477 2135 651 2196 Quint.
677 2136 724 2184 V
748 2133 804 2196 1,
847 2144 865 2184 1
898 2133 1270 2199 inartificiales)

222 2203 525 2269 appellantur
560 2203 684 2254 oder
729 2213 1019 2269 assumptam
1070 2219 1163 2254 nec
1209 2218 1268 2254 eo

223 2271 438 2322 dicuntur
460 2272 578 2322 eine
600 2282 728 2335 arte,
762 2272 900 2336 quod
923 2273 995 2323 ita
1018 2282 1152 2336 sunt,
1177 2273 1270 2323 sed

225 2340 343 2403 quod
373 2356 430 2390 ea
465 2356 567 2391 non
601 2341 733 2406 parit
774 2339 984 2391 oratoris
1020 2357 1128 2404 ars,
1177 2340 1268 2392 sed

208 2408 340 2471 Τονίε
361 2413 433 2461 ad
448 2427 507 2462 ee
535 2410 709 2461 delata
742 2416 908 2458 tamen
944 2418 1050 2459 arte
1073 2417 1266 2471 tractat,

226 2484 268 2525 et
293 2480 510 2529 maxime
545 2478 597 2527 in
632 2478 865 2528 testibus.
915 2478 1043 2543 Top.
1067 2494 1113 2528 c.
1139 2479 1199 2540 2,
1225 2486 1266 2528 6.

226 2543 280 2593 de
302 2560 367 2596 or.
392 2548 438 2597 11
460 2546 549 2608 27,
576 2555 652 2598 116
675 2547 761 2610 ff.;
786 2544 878 2607 39,
905 2554 979 2597 163
1003 2547 1057 2600 ff.

281 2645 365 2711 58)
390 2648 630 2698 Anaxim.
667 2656 761 2697 art.
796 2646 924 2697 rhet.
961 2648 1062 2701 c.·7
1097 2647 1175 2715 (p.
1202 2648 1269 2699 27

227 2713 453 2781 Spengel)
467 2709 673 2780 εἰσιδὲ
694 2707 800 2768 δύο
823 2707 1023 2781 τρόποι
1041 2714 1155 2768 τῶν
1176 2715 1269 2767 πί-

228 2795 419 2864 στεων.
434 2784 700 2851 γίνονται
724 2777 832 2850 γὰρ
858 2777 927 2863 αξ
945 2778 1053 2851 μὲν
1078 2775 1140 2865 ἐξ
1165 2775 1272 2836 αὖ·

139 2909 145 2916 ,
226 2849 324 2902 τῶν
353 2870 457 2905 των
493 2844 675 2919 λόγων
706 2849 807 2903 καὶ
854 2869 965 2903 των
1010 2850 1272 2918 πραξεων

227 2917 314 2971 καὶ
336 2918 440 2973 τῶν
457 2911 811 2986 ἀνθρώπων,
833 2914 903 2971 αῖ
921 2913 979 2974 δ’
1008 2911 1272 2973 ἐπίθετοι

227 2990 334 3047 τοῖς
349 2984 673 3056 λεγομένοις
691 2986 792 3040 καὶ
811 2993 935 3049 τοῖς
955 2985 1271 3056 πραττομέ-

227 3069 351 3115 νοις.
390 3050 459 3109 τὰ
478 3049 588 3123 μὲν
610 3050 719 3123 γὰρ
746 3048 941 3109 εἰκότα
963 3055 1274 3123 καὶπαρα-

228 3120 493 3190 δείγματα
527 3123 629 3178 καὶ
662 3117 939 3193 τεκμήρια
971 3124 1072 3179 καὶ
1097 3119 1269 3179 ἐνθυ-

226 3185 440 3257 μήματα
474 3191 575 3246 καὶ
611 3187 679 3246 αἰ
708 3191 928 3260 γνῶμαι
951 3192 1052 3246 καὶ
1076 3187 1146 3246 τὰ
1172 3209 1271 3278 σῃ·

226 3263 348 3323 μεῖα
378 3261 476 3315 καὶ
512 3256 574 3313 οῖ
597 3257 814 3328 ἔλεγχοι
837 3260 1057 3322 πίστεις
1083 3255 1141 3326 ἐξ
1169 3279 1270 3313 αυ-

226 3326 326 3379 τῶν
355 3329 464 3382 τῶν
488 3323 668 3397 λόγων
689 3327 790 3381 καὶ
816 3322 1274 3395 τῶνάνθρώπων

225 3393 439 3450 καὶτῶν
456 3394 808 3464 πραγμάτων
827 3393 992 3464 εἰσίν,
1009 3391 1272 3451 ἐπίθετοι

227 3457 299 3542 δὲ,
329 3457 469 3530 δόξα
486 3465 616 3546 ,τοῦ
663 3459 925 3532 λέγοντος
964 3466 1274 3534 μαρτυρίαι

233 3529 458 3596 βασανοι
482 3550 660 3600 ορκοι.

287 3616 368 3683 59)
393 3617 672 3683 Quint.V9,
692 3628 712 3670 1
736 3619 1075 3683 Omnisigitur
1085 3618 1272 3687 proba-
1308 3599 1323 3606 -

228 3683 289 3735 tio
299 3689 574 3753 artificialis
595 3696 794 3739 constat
814 3690 1072 3754 auteiynis
1091 3697 1177 3738 aut
1188 3705 1275 3740 ar-

227 3759 454 3817 annuentis
464 3767 552 3808 ent
561 3758 831 3822 exemplis.
857 3757 1002 3819 Jeue,
1014 3756 1096 3806 die
1107 3757 1271 3818 signa,

228 3821 333 3874 sind
350 3825 531 3877 wieder
547 3824 864 3889 untriigliche
884 3825 1123 3888 Indicien‚
1137 3820 1275 3877 ἄλυ-

231 3906 293 3940 τα
314 3896 519 3960 σημεῖα
554 3894 639 3944 od.
665 3884 945 3961 τεκμήρια
983 3893 1053 3944 im
1078 3909 1270 3958 engern

233 3955 370 4021 Sinn,
396 3978 443 4011 u.
469 3960 668 4025 eolche‚
707 3961 790 4012 die
812 3976 931 4011 man
956 3961 1083 4011 nach
1109 3961 1269 4027 alige-

231 4027 408 4078 meiner
429 4028 694 4080 Annahme
716 4029 792 4080 ale
816 4029 1151 4081 ausreichend
1175 4045 1269 4082 an-

233 4092 377 4146 seben
399 4098 532 4161 darf,
560 4090 775 4151 εἰκότα.

293 4175 378 4241 60)
403 4181 568 4242 Quint.
598 4183 645 4232 V
672 4181 767 4248 10,
794 4192 815 4233 1
851 4182 997 4234 Nunc
1031 4183 1096 4233 de
1118 4198 1268 4249 arqu-

232 4250 421 4306 meme,-
454 4250 547 4301 hoc
579 4251 715 4301 enim
740 4252 942 4301 nomine
977 4251 1269 4319 complecti-

236 4326 338 4363 mur
360 4319 545 4382 omnia,
579 4335 713 4384 quae
735 4318 913 4370 Graeci
939 4311 1278 4387 ἐνθυμήμα-

1374 2080 1473 2128 τα,
1514 2059 1952 2134 ἐπιχειρήματα,
1989 2058 2322 2131 ἀποδείξεις
2343 2082 2438 2118 vo-

1373 2146 1515 2197 cant,
1542 2151 1848 2200 quamquam
1872 2137 2008 2202 apud
2035 2136 2149 2186 ilios
2176 2149 2254 2186 eet
2271 2136 2443 2199 aiiqua

1371 2204 1552 2255 horum
1589 2205 1851 2256 nominum
1887 2204 2199 2264 differentia,
2242 2204 2441 2255 etiamsi

1370 2274 1449 2324 vie
1476 2273 1656 2324 eodem
1680 2271 1787 2322 fere
1812 2273 1990 2324 tendit.

1439 2356 1533 2421 61)
1569 2358 1741 2419 Quint.
1774 2358 1821 2407 V
1859 2357 1951 2419 10,
1975 2367 1999 2408 7
2032 2348 2329 2422 ἀπόδειξις
2365 2367 2443 2412 cst

1373 2426 1581 2500 evidens
1605 2426 1841 2493 probatio
1867 2423 2305 2493 (demonstratio).

1438 2526 1534 2593 62)
1561 2529 1730 2590 Quint.
1765 2528 1812 2577 V
1851 2528 1937 2588 10,
1974 2529 2342 2595 leudunum
2376 2554 2440 2563 —

1371 2612 1530 2647 unum
1568 2595 1879 2646 intellectum
1911 2595 2089 2656 hebet,
2134 2610 2235 2660 quo
2273 2595 2444 2647 omnia

1372 2674 1543 2714 mente
1567 2672 1814 2730 concepta
1838 2664 2093 2730 significat
2109 2682 2202 2726 —;
2230 2664 2442 2715 aiterum

1371 2746 1474 2797 quo
1500 2733 1801 2782 sententiam
1827 2747 1941 2783 cum
1967 2732 2188 2793 ratione3
2225 2736 2442 2793 tertimn,

1373 2815 1475 2866 quo
1501 2808 1694 2850 certam
1716 2800 1971 2863 quandam
2005 2802 2289 2867 argumenti
2320 2815 2442 2852 oon-

1373 2871 1644 2921 clneionem
1665 2872 1746 2921 vel
1754 2885 1826 2923 ex
1837 2869 2257 2936 consequentibus
2274 2871 2355 2921 vel
2370 2884 2444 2921 ea:

1373 2937 1800 3004 repugnantibuae
1825 2951 2128 3002 quamquam
2150 2937 2214 2988 de
2232 2937 2328 2988 hoe
2383 2952 2442 2986 a·

1373 3022 1488 3057 rum
1522 3006 1777 3056 convenit.
1845 3006 1976 3057 Sunt
2010 3006 2144 3055 enim
2188 3007 2276 3068 qui
2317 3005 2350 3055 ii
2372 3005 2443 3055 ud

1374 3075 1517 3141 prius
1554 3073 1890 3139 epicheirema
1926 3075 2124 3134 dicant,
2171 3074 2446 3140 pluresque

1374 3143 1606 3195 invenies
1630 3143 1682 3191 in
1712 3157 1771 3192 ea
1794 3143 2053 3209 opinione,
2077 3150 2136 3192 ut
2158 3142 2211 3192 id
2238 3141 2445 3193 demum

1372 3212 1512 3276 quod
1534 3226 1708 3277 pugna
1732 3211 1947 3273 constat,
1968 3210 2290 3275 euthymema
2305 3211 2442 3259 aeci·

1371 3281 1426 3346 pi
1448 3279 1634 3340 veiint3
1664 3289 1712 3328 et
1729 3279 1844 3329 ideo
1863 3278 1987 3329 iliud
2001 3277 2297 3329 Cornificius
2318 3292 2439 3328 con-

1373 3349 1582 3398 trarium
1605 3347 1844 3413 appellat.
1871 3347 2015 3396 Hunc
2039 3345 2124 3395 alii
2137 3346 2447 3397 rhetoricum

1373 3418 1739 3483 sylloyismum,
1787 3415 1874 3464 aiii
1904 3415 2259 3480 imperfectum
2290 3416 2444 3480 syllo-

1371 3486 1577 3550 9ismum
1593 3491 1920 3545 vocaverunt,
1941 3483 2059 3546 quia
2078 3497 2172 3532 nec
2191 3481 2443 3534 distinctis

1378 3567 1472 3602 nec
1514 3551 1729 3603 totidem
1761 3551 2002 3618 'partibus
2060 3549 2445 3601 concluderetur

1376 3618 1622 3685 (nfimlich
1657 3619 1752 3669 wie
1786 3618 1878 3669 der
1921 3616 2147 3683 logische
2193 3617 2444 3683 Syllogis-

1375 3686 1548 3752 mus),
1589 3689 1727 3752 quod
1760 3702 1885 3738 eane
1910 3701 2011 3737 non
2037 3686 2214 3751 utique
2237 3687 2301 3736 ab
2328 3700 2439 3736 ora·

1375 3767 1486 3808 tore
1509 3756 1843 3807 desideratur.

1433 3838 1841 3908 63)deinv.131‚
1853 3841 2157 3893 51Inductio
2169 3848 2247 3890 eet
2258 3839 2438 3900 oratio,

1372 3926 1506 3975 quae
1526 3911 1681 3961 rebus
1696 3924 1795 3961 non
1812 3909 1981 3961 dubiis
1993 3917 2162 3976 captat
2170 3908 2433 3960 assensio-

1375 3994 1491 4029 nem
1505 3980 1613 4029 eius
1625 3979 1827 4041 quicum
1838 3978 2069 4028 instituta
2090 3986 2184 4028 est.
2210 3976 2381 4038 Quint.
2394 3977 2441 4025 V

1377 4046 1504 4106 11,3.
1519 4043 1784 4112 Top.c.10,
1796 4054 1846 4096 41
1861 4046 1998 4097 Haec
2011 4060 2077 4096 ex
2086 4044 2317 4112 pluribus
2328 4059 2444 4111 per-

1375 4116 1585 4165 veniens
1606 4128 1706 4178 quo
1740 4112 1852 4164 vult
1883 4112 2169 4180 appellatur
2200 4112 2444 4172 inductio,

1374 4198 1508 4246 quae
1568 4195 1750 4246 graece
1805 4171 2075 4247 ἐπαγωγή
2137 4182 2442 4245 nominatur,

1333 4303 1340 4310 ,
1375 4265 1476 4315 qua
1499 4250 1770 4317 plurimum
1797 4258 1876 4300 eet
1899 4264 2021 4301 usus
2044 4250 2096 4298 in
2126 4249 2445 4300 sermonibus

1376 4319 1632 4371 Socrates.
