2930 4693
814 188 914 251 DE
944 186 1302 252 ORATORE
1346 190 1407 252 11
1446 190 1549 253 58.
1595 196 1714 250 236.
1745 197 1866 251 237.

2314 196 2445 263 179

212 360 586 444 perbreviter
637 375 949 438 exponam.
1037 358 1124 419 De
1163 361 1288 420 risu
1329 360 1591 440 quinque
1636 367 1802 430 sunt,
1852 377 2004 440 quae
2048 369 2442 441 quaerantur:

213 457 420 515 unum,
464 442 603 525 quid
634 444 740 512 sit;
783 441 1061 514 alterum,
1105 445 1264 505 unde
1309 445 1412 515 sit;
1453 446 1695 505 tertium
1709 492 1728 515 ,
1768 447 1922 505 sitne
1960 448 2214 507 oratoris
2254 448 2442 508 risum

213 530 367 592 velle
393 546 663 598 movere;
697 535 990 608 quartum,
1021 536 1341 609 quatenus;
1386 530 1673 609 quintum,
1717 548 1868 609 quae
1898 531 2017 590 sint
2045 547 2264 608 genera
2295 532 2442 592 ridi-

216 615 355 678 culi.
413 615 604 694 Atque
630 612 776 674 illud
804 614 1082 695 primum,
1115 614 1257 694 quid
1288 615 1366 677 sit
1392 615 1521 694 ipse
1551 604 1723 683 risuS,
1757 634 1874 694 quo
1895 622 2070 693 pacto
2094 618 2439 689 concitetur,

215 701 444 771 ubisit,
476 698 774 779 quomodo
805 700 1045 759 exsistat
1084 706 1259 779 atque
1303 700 1386 759 ita
1427 704 1677 778 repente
1719 704 2007 778 erumpat,
2049 708 2117 761 ut
2159 717 2294 761 eum
2338 719 2442 762 cu-

215 787 452 866 pientes
490 790 699 845 tenere
738 800 1133 862 nequeamirs,
1191 789 1251 844 et
1291 783 1588 864 quomodo
1628 782 1804 843 simul
1844 782 2059 855 latera,
2104 803 2198 856 οε,
2241 804 2439 857 venas,

217 869 441 939 oculos,
471 867 696 929 vultum
725 875 991 946 occupet,
1022 868 1236 929 viderit
1264 867 1658 930 Democritus,
1748 868 1952 948 Neque
1983 870 2143 930 enim
2177 870 2249 930 ad
2280 870 2442 931 hunc

217 970 561 1018 sermonem
589 953 705 1014 boc
732 954 1006 1032 pertinet,
1040 959 1115 1023 et,
1149 954 1201 1014 si
1227 955 1574 1032 pertineret,
1608 954 1839 1014 nescire
1869 970 1966 1013 me
1996 959 2195 1014 tamen
2226 955 2286 1014 id
2318 973 2441 1016 non

216 1039 489 1120 puderet,
520 1038 678 1118 quod
709 1055 786 1098 ne
812 1039 928 1116 ipsi
957 1037 1195 1117 quidem
1224 1037 1312 1097 illi
1341 1038 1580 1107 seirent,
1612 1039 1714 1117 qui
1742 1036 2184 1117 pollicerentur.
2243 1040 2438 1101 Locus
2468 1047 2573 1101 236

214 1130 417 1186 autem
448 1129 508 1184 et
529 1124 695 1202 re‘gio
718 1124 886 1202 quasi
905 1122 1140 1183 ridiculi
1168 1121 1325 1202 (nam
1346 1122 1409 1182 id
1430 1124 1703 1203 proxime
1725 1124 2048 1203 quaeritur)
2071 1124 2440 1202 turpitudine

215 1215 279 1270 et
307 1208 682 1269 deformitate
722 1206 974 1287 quadam
1018 1208 1375 1270 continetur.
1462 1208 1623 1268 Haec
1664 1209 1823 1268 enim
1867 1205 2139 1269 ridentur
2182 1207 2274 1268 vel
2315 1208 2442 1271 sola

213 1292 311 1354 vel
353 1294 628 1361 maxime,
673 1310 823 1372 quae
865 1298 1074 1352 notant
1116 1298 1175 1352 et
1214 1292 1528 1371 designant
1571 1292 1996 1371 turpitudinem
2031 1291 2286 1372 aliquam
2318 1311 2443 1354 non

213 1379 488 1457 turpiter.
561 1376 665 1437 Est
693 1384 906 1448 autem,
938 1383 1004 1436 ut
1032 1376 1106 1437 ad
1136 1375 1282 1437 illud
1310 1379 1554 1437 tertium
1583 1377 1831 1447 veniam,
1865 1384 1955 1437 est
1981 1375 2157 1455 plane
2189 1381 2444 1439 oratoris

214 1479 457 1525 movere
497 1463 713 1532 risum;
758 1460 848 1522 vel
891 1462 1048 1542 quod
1089 1463 1217 1541 ipsa
1246 1461 1513 1538 hilaritas
1553 1460 2027 1521 benevolentiam
2058 1461 2335 1522 conciliat
2367 1465 2441 1541 ei,

214 1564 331 1628 per
370 1564 547 1627 quem
589 1547 839 1608 excitata
880 1552 998 1616 est,
1047 1545 1138 1607 vel
1186 1546 1344 1627 quod
1375 1546 1743 1607 admirantur
1771 1563 1978 1605 omnes
2009 1564 2275 1617 acumen,
2322 1565 2444 1607 uno

215 1649 397 1711 saepe
424 1633 488 1691 in
517 1629 698 1692 verbo
726 1632 1002 1710 positum,
1033 1632 1289 1692 maxime
1320 1630 1754 1709 respondentis,
1787 1647 2232 1709 nonnumquam
2264 1631 2444 1692 etiam

214 1715 578 1787 lacessentis,
611 1714 702 1777 vel
732 1716 889 1796 quod
920 1716 1142 1794 frangit
1172 1715 1592 1787 adversarium,
1635 1715 1792 1794 quod
1822 1714 2088 1793 impedit,
2133 1715 2292 1794 quod
2324 1715 2444 1775 ele-

213 1808 330 1870 vat,
362 1800 519 1881 quod
549 1802 827 1871 deterret,
870 1800 1026 1880 quod
1057 1799 1293 1871 refutat,
1338 1799 1427 1860 vel
1456 1798 1616 1880 quod
1641 1801 1836 1880 ipsum
1867 1806 2166 1860 oratorem
2194 1797 2446 1879 politum

216 1903 352 1947 esse
380 1886 683 1947 hominem
713 1886 1020 1964 significat,
1055 1884 1211 1965 quod
1245 1886 1559 1955 eruditum,
1603 1884 1761 1964 quod
1791 1883 2105 1954 urbanum,
2155 1886 2443 1946 maxime-

214 1987 336 2051 que
385 1970 544 2051 quod
585 1971 885 2031 tristitiam
927 1988 996 2030 ac
1037 1971 1411 2032 severitatem
1454 1970 1687 2047 mitigat
1729 1976 1788 2029 et
1826 1968 2055 2029 relaxat
2096 1968 2446 2048 odiosasque

211 2073 320 2115 res
347 2071 542 2136 saepe,
585 2072 739 2135 quas
762 2056 1125 2133 argumentis
1154 2054 1299 2116 dilui
1339 2073 1460 2116 non
1502 2054 1674 2114 facile
1717 2060 1823 2123 est,
1871 2055 2004 2114 ioco
2043 2054 2285 2133 risuque
2327 2053 2445 2115 dis-

212 2139 408 2202 solvit.
497 2139 797 2212 Quatenus
832 2147 1034 2201 autem
1074 2142 1192 2200 sint
1229 2139 1478 2202 ridicula
1530 2138 1838 2200 tractanda
1883 2139 2107 2198 oratori
2155 2155 2443 2218 perquam
2472 2147 2577 2201 237

285 2317 383 2360 235.
416 2310 625 2371 viderit,
663 2306 802 2373 158,
827 2317 920 2361 246.
968 2308 1049 2360 Or.
1076 2308 1169 2370 45,
1205 2318 1283 2360 152

210 2377 314 2429 sed
337 2377 517 2429 Graeci
539 2378 774 2430 viderint.

284 2445 607 2495 Democritus
650 2472 715 2480 -
756 2442 887 2494 nach
922 2445 1012 2494 der
1034 2445 1276 2509 vulgairen

207 2512 570 2576 Auffassung:
609 2513 699 2561 der
731 2521 856 2562 stets
880 2510 1149 2561 Lachende
1184 2511 1279 2576 (im

206 2579 510 2644 Gegensatz
541 2593 644 2629 von
667 2579 909 2630 Heraklit.
960 2578 1079 2629 Sen.
1117 2588 1279 2642 tranq.

205 2662 307 2698 an.
332 2644 412 2705 15,
436 2654 463 2695 2
484 2646 822 2695 Democritum
840 2647 1010 2711 potius
1028 2646 1282 2696 imitemur

205 2728 376 2780 quam
387 2713 1076 2764 Heraclitum.·-Humanius
1099 2721 1175 2763 est
1195 2716 1285 2765 de-

205 2783 397 2834 ridere
420 2781 605 2843 vitam,
630 2796 783 2844 quam
806 2780 1138 2846 deplorare);
1173 2781 1285 2831 hier

207 2848 476 2901 vielleicht
508 2850 709 2899 besser:
747 2850 836 2899 der
868 2847 1116 2914 Physiker
1147 2840 1282 2900 κατ’

208 2908 457 2983 ἐξοχήν,
494 2917 584 2967 der
617 2917 700 2966 die
731 2916 1041 2982 physischen
1067 2915 1283 2967 Gesetze

210 2987 313 3037 des
338 2982 569 3034 Lacheus
602 2985 709 3035 und
732 2986 830 3034 den
855 2985 1281 3050 organisch-leib-

207 3051 389 3104 lichen
412 3053 648 3118 Hergang
672 3057 896 3104 erortern
919 3068 1054 3118 mag.

210 3136 382 3252 paige,
415 3120 1284 3255 ἒὶοέὴσξῖὲῗζνᾝᾶίοῗθεέῐιῗίιὲξεέἳῖ

213 3255 355 3307 doch
398 3256 613 3306 dariiber
654 3257 819 3306 nichts
864 3256 1282 3321 Befriedigendes

211 3323 487 3374 aufstellen
523 3325 774 3385 kounten,
816 3322 849 3389 S
881 3324 1000 3374 217.
1056 3325 1158 3374 Das
1182 3325 1281 3374 im-

212 3391 350 3458 perf:
386 3393 519 3442 coni.
554 3394 621 3442 ist
654 3392 941 3443 beidemale
986 3391 1145 3441 durch
1189 3392 1282 3442 das

213 3459 422 3526 imperf.
446 3461 497 3509 in
525 3460 617 3509 der
632 3460 890 3525 Apodosis
916 3460 1006 3511 des
1022 3460 1279 3511 conditio-

217 3528 477 3578 nalsatzes
526 3525 794 3594 (puderet)
843 3526 979 3577 nach
1020 3529 1161 3578 einer
1192 3531 1284 3578 Art

216 3595 505 3645 Attraetion
528 3596 827 3657 veranlasst,
851 3593 884 3660 S
908 3595 959 3646 7.

287 3670 384 3714 23⁶.
409 3664 720 3728 turpitudine
738 3670 791 3713 et
807 3664 1147 3726 deformitate,
1173 3663 1288 3713 Ari-

220 3737 340 3780 stot.
351 3738 487 3796 poet.
500 3729 592 3781 c.6
610 3722 647 3798 ἡ
669 3724 736 3782 δὲ
754 3730 1030 3799 κωμῳδία
1050 3723 1207 3783 ἐστίν
1221 3756 1284 3767 --

196 3797 459 3864 ,μίμησις
494 3793 865 3864 φαυλοτέρων
889 3795 1013 3866 μέν,
1055 3790 1122 3850 οὗ
1148 3793 1284 3865 μέν·

220 3880 311 3916 τοι
333 3859 484 3917 κατὰ
504 3865 702 3918 πᾶσαν
724 3865 968 3926 κακίαν,
1007 3857 1150 3918 ἀλλὰ
1183 3864 1285 3917 τοῦ

222 3928 490 4010 αἰᾳχροῦ,
557 3922 640 3986 οὗ
699 3925 844 3987 ἐστὶ
891 3928 963 3986 τὸ
999 3930 1285 4001 γέλοιον

224 4014 485 4067 (hoctor.
557 3995 622 4054 τὸ
681 3997 792 4068 γὰρ
848 3993 1073 4069 γέλοιόν
1129 3994 1282 4054 ἐστιν

225 4058 605 4149 οξμοξρτημοὶ
685 4087 751 4121 τι
832 4067 953 4123 καὶ
1034 4064 1283 4137 αἶσχος

228 4135 595 4190 ανωδυνον
627 4129 703 4192 οὗ
740 4131 1157 4205 φθαρτικόν.
1193 4138 1286 4188 Die

228 4201 532 4257 Fundstatte
574 4208 668 4258 des
700 4206 902 4258 Witzes
945 4208 1014 4258 ist
1049 4207 1163 4257 eine
1195 4221 1285 4273 ge·

1380 2309 1537 2359 wisse
1562 2306 1823 2374 turpitudo
1851 2306 1957 2357 und
1981 2306 2277 2358 deformitas
2302 2309 2445 2358 inso-

1381 2377 1519 2438 fern,
1558 2376 1634 2426 als
1656 2376 1840 2440 irgend
1858 2377 1973 2425 eine
1996 2374 2299 2425 fehlerhafte
2322 2377 2452 2425 oder

1384 2447 1626 2496 abnorme
1649 2441 1954 2508 (haesliche)
1981 2442 2143 2505 Seite,
2192 2445 2267 2492 sei
2302 2459 2357 2494 es
2394 2444 2450 2493 in

1383 2512 1474 2562 der
1499 2514 1653 2577 Figur
1685 2511 1807 2561 oder
1831 2511 1946 2559 dem
1973 2514 2213 2560 ausseren
2238 2510 2448 2560 Auftre-

1383 2590 1470 2630 ten
1496 2581 1622 2629 oder
1643 2580 1693 2628 in
1720 2578 1836 2627 dem
1851 2577 2128 2628 Charakter
2150 2578 2257 2627 und
2275 2577 2449 2628 Leben

1385 2649 1527 2697 eines
1553 2644 1829 2696 Menschen
1875 2646 1930 2694 in
1974 2645 2162 2704 feiner,
2212 2645 2449 2708 heiterer,

1383 2713 1712 2780 geistreicher
1734 2714 1910 2763 Weise
1933 2710 2062 2778 (non
2089 2714 2327 2778 turpiter,
2356 2713 2450 2763 sed

1384 2782 1559 2848 lepide
1583 2791 1633 2831 et
1655 2779 1846 2847 facete)
1872 2780 2179 2845 aufgedeckt
2200 2781 2347 2831 wird.

1450 2858 1546 2900 237.
1586 2848 1841 2911 Quatenus
1905 2850 1977 2898 Im
2003 2847 2084 2899 Or.
2111 2847 2202 2911 26,
2243 2857 2294 2898 88
2339 2849 2452 2913 gibt

1386 2916 1491 2968 Cic.
1516 2916 1757 2982 folgende
1779 2915 2000 2981 Regeln=
2035 2916 2167 2966 Illud
2202 2917 2448 2966 admone·

1384 3000 1500 3035 mus
1524 2994 1721 3047 tamen,
1757 2984 1970 3034 ridiculo
1996 2986 2072 3034 sic
2097 2999 2307 3034 usurum
2333 2998 2451 3034 ora—

1382 3061 1560 3116 torem,
1579 3061 1636 3103 ut
1653 3067 1747 3102 nec
1765 3052 1915 3102 nimis
1934 3052 2202 3116 frequenti,
2226 3066 2290 3101 ue
2306 3068 2453 3102 seur·

1382 3122 1483 3171 rile
1506 3122 1589 3183 sit,
1619 3135 1711 3169 nec
1733 3120 2075 3178 subobsceno,
2102 3135 2167 3170 ne
2189 3122 2446 3182 mimicum,

1385 3203 1480 3238 nec
1503 3188 1780 3253 petulanti,
1830 3203 1895 3236 ne
1927 3188 2240 3252 improbum,
2279 3189 2451 3236 necin

1385 3257 1718 3306 calamitatem
1732 3291 1746 3316 ,
1794 3270 1860 3304 ne
1882 3254 2241 3314 inhumanum,
2275 3269 2372 3304 nec
2396 3255 2450 3303 in

1384 3325 1610 3385 facinus,
1649 3339 1711 3372 ne
1736 3322 1840 3372 odii
1863 3324 2031 3371 locum
2053 3323 2189 3372 risus
2214 3331 2445 3388 occupet,

1385 3407 1551 3456 neque
1575 3403 1663 3442 aut
1694 3405 1789 3441 sua
1821 3404 2069 3455 persona,
2102 3399 2189 3439 aut
2221 3390 2451 3440 iudicum

1385 3473 1473 3510 aut
1495 3467 1725 3525 tempore
1750 3459 2002 3516 alienum3
2050 3456 2178 3508 haec
2215 3458 2348 3507 enim
2382 3456 2451 3507 ad

1384 3527 1512 3577 illud
1543 3528 1841 3578 indecorum
1883 3525 2187 3575 referuntur.
2259 3526 2455 3575 Vitabit

1387 3597 1538 3645 etiam
1573 3597 1810 3662 quaesita
1844 3608 1940 3643 nec
1976 3609 2041 3642 ex
2063 3602 2292 3659 tempore
2316 3593 2449 3652 ficta,

1386 3664 1480 3714 sed
1504 3664 1654 3714 domo
1672 3663 1840 3724 allata,
1866 3676 1997 3725 quae
2014 3661 2315 3728 plerumque
2332 3669 2454 3711 sunt

1380 3732 1611 3797 trifida,-
1633 3740 1808 3796 parcet
1832 3739 1881 3778 et
1905 3731 2138 3780 micitiie
2162 3734 2215 3778 et
2231 3730 2451 3794 dignita·

1385 3800 1543 3863 tibus,
1572 3799 1755 3849 vitabit
1768 3798 2079 3848 insanabiles
2100 3797 2451 3860 contumelias,

1384 3867 1733 3917 tantummodo
1753 3866 2071 3918 adversarios
2091 3865 2229 3930 figet,
2251 3880 2350 3914 nec
2363 3878 2458 3914 eos·

1383 3942 1556 3984 tamen
1590 3949 1791 3999 semper
1833 3948 1926 3984 nec
1973 3948 2150 3983 omnes
2185 3948 2281 3983 nec
2316 3932 2454 3983 omni

1385 4002 1559 4052 modo.
1591 4002 1686 4052 Die
1702 4002 1815 4051 hier
1829 4001 1936 4051 und
1952 4002 2021 4051 im
2041 4001 2321 4066 folgenden
2339 3999 2455 4050 auf-

1386 4070 1649 4135 gestellteu
1671 4069 1890 4121 Not-men
1916 4070 2017 4118 will
2042 4069 2175 4119 deun
2196 4068 2326 4120 auch
2346 4068 2451 4119 Cic.

1388 4139 1465 4187 als
1499 4137 1653 4188 allein
1685 4139 1915 4203 giiltigen
1969 4137 2192 4188 Maestab
2235 4136 2318 4187 fiir
2371 4137 2454 4186 die

1391 4204 1624 4257 Echtheit
1655 4208 1780 4258 oder
1813 4205 2113 4257 Unechtheit
2145 4207 2237 4257 der
2271 4204 2453 4256 zalrei·
