2930 4693
939 179 1417 244 maxumum
1460 191 1762 243 mmcns.

240 350 348 401 und
370 348 528 402 daher
549 358 696 401 unter
718 349 1033 406 Umstfiuden
1065 350 1164 401 den
1188 350 1298 401 Pri-

240 428 390 470 vaten
416 418 651 469 befehlen
683 420 938 483 konnten,
975 418 1084 469 ihre
1106 418 1302 469 Hauser

167 524 172 528 -
239 488 574 554 abzutragen,
608 502 685 537 wo
723 487 864 537 diese
898 487 981 537 die
1015 486 1140 537 freie
1163 488 1301 538 Aus—

239 555 371 605 sicht
402 570 523 607 vom
557 571 622 606 au
722 555 928 605 aculum
962 565 1298 620 versperrteu,

241 624 360 676 dass
392 625 468 674 sie
490 625 617 674 iiber
653 631 779 690 aupt
802 624 899 674 den
928 622 1072 674 Staat
1095 623 1300 688 religio-

239 707 362 741 num
387 694 688 743 auctoritate
720 693 941 743 leiteten.
1013 691 1104 741 Mit
1126 691 1295 742 Riick-

146 775 152 782 ·
242 759 372 810 sicht
393 760 490 809 auf
508 761 650 811 diese
674 759 784 809 ihre
806 774 986 825 grosse
1004 758 1305 825 Bedeutung

239 828 375 884 stellt
399 827 504 879 Cic.
532 828 617 878 die
639 828 868 894 auspicia
902 841 1057 894 sogar
1079 828 1195 879 dem
1218 843 1304 878 se-

240 905 387 946 natus
412 911 479 947 an
502 897 840 962 Wichtigkeit
872 895 1041 961 gleich
1075 897 1182 947 und
1215 897 1305 947 be-

241 964 473 1015 zeichnet
487 965 639 1016 beide
657 966 733 1016 als
753 965 854 1015 duo
872 964 1189 1017 firmamenta
1206 965 1302 1014 rei-

238 1033 489 1099 publicae.

308 1287 376 1354 Q.
402 1284 657 1340 Lucilius
692 1285 908 1339 Balbus
943 1285 1130 1349 11121,
1165 1295 1216 1338 78
1249 1287 1303 1337 iu

241 1357 443 1408 Ciceros
491 1355 684 1407 Schrift
741 1357 805 1406 de
863 1363 1044 1406 natura
1091 1356 1301 1406 deorum

241 1424 490 1491 Sprecher
547 1426 639 1476 der
701 1423 1039 1475 stoischen
1095 1422 1298 1475 Schule.

240 1494 303 1544 de
326 1504 432 1547 nat.
459 1494 597 1543 deor.
632 1490 726 1553 16,
761 1501 812 1543 15
856 1492 1030 1542 aderat
1064 1494 1215 1543 etiam
1239 1492 1301 1552 Q.

239 1562 460 1611 Lucilius
471 1560 680 1624 Balbus,
707 1562 794 1626 qui
810 1569 979 1611 tantus
1000 1573 1302 1626 progressus

237 1629 459 1689 habebat
480 1630 532 1679 in
559 1628 762 1696 Stoicis,
788 1640 844 1679 ut
868 1641 987 1678 cum
1011 1629 1302 1679 excellenti-

238 1699 332 1748 bus
350 1698 403 1748 in
422 1712 481 1748 eo
494 1712 679 1762 genere
690 1697 893 1750 Graecis
906 1706 1299 1765 compararetur.

241 1765 292 1817 S.
318 1766 537 1816 Bruder:

307 1832 366 1886 S.
390 1830 645 1886 Lucilius
670 1832 886 1884 Balbus
933 1834 1002 1884 ist
1035 1834 1125 1884 der
1158 1833 1298 1884 Brut.

238 1903 427 1967 42,154
450 1901 733 1965 erwahnte,
772 1903 863 1952 der
886 1901 998 1952 sich
1021 1902 1301 1956 besonders

240 1985 302 2020 an
327 1972 411 2022 die
435 1970 625 2021 Mucier
659 1969 924 2020 anschloss
952 1986 1002 2020 ιι.
1029 1971 1301 2020 wiederum

240 2040 331 2090 des
377 2038 826 2104 Rechtsgelehrten
883 2036 992 2089 Ser.
1044 2037 1303 2107 Sulpicius

239 2106 426 2225 hRufus
422 2106 611 2157 Lehrer
633 2121 753 2170 war,
785 2107 981 2156 ‘doctus
1002 2113 1052 2155 et
1072 2102 1303 2158 eruditus

274 2189 389 2225 omo

307 2242 371 2295 L.
411 2239 500 2294 Ca
493 2240 726 2309 purnius
761 2240 957 2293 Bestia
991 2244 1037 2293 11
1072 2242 1163 2305 70,
1207 2250 1299 2294 283.

240 2310 383 2363 Brut.
408 2309 501 2374 34,
539 2319 615 2362 128
661 2311 807 2362 bonis
841 2311 999 2361 initiis
1038 2325 1184 2362 orsus
1207 2311 1300 2361 tri-

240 2383 462 2431 bunatus
530 2381 669 2443 (nam
712 2381 769 2429 P.
824 2379 1099 2460 Popillium
1145 2379 1196 2430 vi
1245 2379 1299 2430 C.

239 2447 454 2501 Gracchi
489 2449 759 2515 expulsum
795 2462 889 2498 sua
922 2449 1185 2512 rogatione
1217 2462 1301 2497 re-

238 2517 405 2567 stituit
436 2516 507 2566 im
530 2517 577 2567 J.
610 2513 732 2579 121)
766 2517 844 2565 vir
874 2522 927 2566 et
959 2531 1083 2566 acer
1117 2526 1166 2566 et
1199 2531 1301 2568 non

237 2586 541 2647 indisertzae3
589 2584 766 2634 wurde
810 2583 888 2633 als
923 2582 1113 2635 Consul
1147 2583 1218 2633 im
1250 2584 1298 2634 J.

239 2651 337 2704 111
363 2653 456 2703 mit
471 2651 811 2718 derFiihrung
827 2652 919 2702 das
931 2652 1110 2717 Kriegs
1133 2666 1300 2717 gegen

235 2719 489 2787 Jugurtha
512 2719 796 2785 beauftragt
814 2745 878 2759 -—
895 2718 1007 2770 hier
1027 2734 1133 2769 war
1150 2720 1305 2771 Scau-

235 2805 326 2840 rus
350 2789 463 2839 sein
480 2788 643 2854 Legat
663 2804 759 2848 -;
783 2788 906 2838 liess
931 2787 1041 2839 sich
1063 2789 1185 2839 aber
1200 2802 1302 2838 von

234 2855 493 2924 Jugurtha
526 2855 800 2906 bestechen
834 2856 941 2906 und
976 2856 1177 2907 schloss
1211 2858 1303 2906 mit

234 2926 343 2976 ihm
353 2926 568 2976 Frieden
586 2926 789 2975 iniussu
807 2924 988 2990 populi
1005 2933 1054 2975 et
1072 2932 1300 2975 senatus.

236 2994 425 3061 Spfiter
446 3008 549 3044 war
586 3008 639 3043 er
673 2993 764 3042 mit
796 3000 945 3043 unter
978 2993 1170 3053 denen,
1219 2993 1302 3043 die

236 3061 370 3113 nach
396 3062 486 3112 der
508 3062 594 3111 lex
616 3061 772 3112 Varia
795 3061 865 3110 im
888 3061 936 3111 J.
964 3056 1033 3112 90
1055 3063 1303 3113 verbannt

236 3130 469 3181 wurden.
518 3129 651 3180 Einl.
678 3131 699 3179 I
724 3125 757 3195 S
786 3128 867 3190 11,
893 3138 988 3181 130.

308 3197 510 3249 Brulla
542 3196 720 3260 11123,
746 3206 813 3261 88,
847 3207 994 3249 senat
1017 3197 1156 3248 nicht
1179 3199 1303 3247 wei—

234 3276 316 3318 ter
339 3267 581 3317 bekannt.

305 3332 371 3387 L.
392 3332 588 3385 Iunius
608 3333 839 3393 Brutus,
860 3334 965 3396 ‘qui
984 3341 1178 3384 tantum
1197 3334 1304 3400 glo-

235 3405 342 3453 riae
354 3401 585 3468 Superbo
613 3411 788 3452 exacto
807 3417 930 3466 rege
945 3402 1145 3457 meruit’
1167 3400 1302 3465 (Liv.

236 3473 285 3522 11
326 3468 381 3532 1)
408 3473 429 3521 Ι
454 3469 504 3534 9,
528 3479 595 3522 37.
646 3472 690 3520 ΙΙ
714 3469 798 3533 55,
823 3479 916 3520 225.
959 3469 1100 3520 Brut.
1131 3469 1209 3533 14,
1233 3479 1301 3531 53,

306 3537 391 3589 Μ.
414 3536 618 3590 Juuius
643 3536 856 3589 Brutus
892 3535 1181 3601 1133,142;
1217 3537 1300 3599 55,

233 3616 316 3658 223
339 3624 392 3659 ιι.
416 3615 518 3670 226,
553 3622 641 3657 ιιιιι
670 3604 767 3656 150
790 3621 842 3657 ν.
870 3605 984 3659 Chr.
971 3643 1003 3667 .,
1039 3607 1145 3669 ‘qui
1176 3607 1301 3656 iuris

235 3675 434 3726 civilis
421 3690 474 3724 ιιι
513 3675 656 3727 runis
675 3675 868 3741 peritus
892 3673 1006 3725 fuit’
1032 3673 1125 3740 (de
1151 3674 1234 3725 off.
1258 3676 1302 3726 II

239 3743 324 3807 14,
351 3751 422 3792 50.
477 3690 727 3801 gruum,
755 3751 855 3803 130·
881 3741 1113 3809 47,1·15).
1186 3743 1301 3794 Man

235 3810 441 3862 schrieb
465 3809 572 3861 ihm
596 3810 625 3859 7
646 3810 842 3861 Bucher
867 3811 966 3860 de
952 3826 1062 3861 iure
1082 3811 1220 3860 civili
1238 3827 1302 3861 zu

238 3879 515 3946 (Pompon.
543 3879 607 3928 de
631 3879 758 3944 orig.
779 3880 876 3928 iur.
898 3895 942 3929 c.
964 3877 1014 3939 3,
1040 3887 1090 3929 89
1114 3878 1170 3929 Ρ.
1189 3879 1303 3929 Μιι-

238 3948 353 3998 cius
374 3957 423 3997 et
439 3946 625 3998 Brutus
646 3955 695 3995 et
705 3946 938 3996 Manilius
960 3945 1304 3998 fundaverunt

234 4017 322 4067 ius
356 4015 525 4066 civile.
593 4014 672 4063 Ex
704 4014 785 4063 his
820 4014 878 4065 P.
916 4014 1115 4066 Mucius
1150 4015 1302 4065 etiam

236 4084 418 4136 decem
436 4082 633 4135 libellos
651 4083 870 4146 reliquit,
882 4082 1067 4134 Brutus
1086 4091 1300 4149 septem,

235 4152 479 4204 Manilius
504 4148 649 4219 tres),
687 4150 818 4201 doch
843 4166 1008 4202 waren
1037 4167 1133 4202 nur
1154 4149 1187 4203 3
1212 4152 1300 4201 da-

236 4234 343 4272 von
368 4218 484 4271 echt
506 4217 582 4285 (p.
614 4218 809 4272 Cluent.
836 4217 919 4283 51,
945 4216 1066 4286 141).
1093 4245 1157 4257 -

2341 183 2467 247 32⁷

1470 349 1549 402 Μ.
1575 348 1780 402 Junim
1805 347 2016 404 Brutus
2033 387 2048 411 ,
2085 350 2175 400 der
2199 348 2336 401 Sohn
2373 350 2465 402 des

1405 420 1629 483 vorigen,
1650 420 1696 469 11
1720 418 1802 481 54,
1822 418 1968 469 220ff.
1990 418 2128 469 Brut.
2149 416 2231 482 34,
2253 426 2327 470 130
2351 418 2464 470 Eis-

1403 487 1519 538 dem
1546 496 1643 537 tem
1685 487 1857 538 oribus
1883 487 2059 549 (etwas
2083 486 2212 537 nach
2233 487 2332 537 den
2352 487 2462 537 Zei-

1401 563 1490 605 ten
1515 556 1606 605 der
1678 552 1922 620 racchen)
1945 556 2010 606 M.
2038 554 2250 617 BrutuS,
2285 556 2338 605 in
2364 569 2463 617 quo

1401 638 1648 689 magnum
1671 622 1795 684 fuit,
1820 623 2000 685 Brute,
2036 625 2256 675 dedecus
2288 625 2466 689 generi

1402 703 1603 752 vestr03
1638 691 1726 755 qui
1761 707 1876 741 cum
1909 700 2048 742 tanto
2083 692 2290 743 nomine
2315 700 2465 751 esset,

1405 768 1704 826 patremque
1729 761 1979 825 optimum
2000 760 2167 811 virum
2200 759 2468 810 habuisset

1408 837 1457 878 et
1493 828 1617 879 iuris
1661 829 2051 894 peritissimum,
2099 830 2467 880 accusationem

1400 898 1736 961 factitaverit.
1781 898 1830 946 Is
1854 897 2183 961 magistratus
2208 912 2310 946 non
2334 897 2463 962 peti-

1404 966 1493 1023 vit,
1513 965 1605 1015 sed
1624 963 1720 1015 fuit
1736 972 2008 1016 accusator
2023 965 2282 1015 vehemens
2298 972 2349 1015 et
2364 981 2466 1017 mo-

1404 1035 1576 1093 lentus,
1587 1042 1645 1083 ut
1653 1032 1802 1083 facile
1821 1048 2054 1083 cerneres
2070 1033 2296 1084 naturale
2308 1034 2468 1097 quod-

1406 1102 1524 1151 dam
1547 1102 1723 1167 stirpis
1757 1102 1946 1153 bonum
1971 1101 2363 1166 degeneravisse
2387 1102 2466 1151 vi-

1403 1169 1474 1220 tio
1500 1170 1806 1235 depravatae
1831 1170 2108 1221 voluntatis
2132 1168 2289 1232 (Einl.
2299 1165 2366 1235 IS
2382 1167 2464 1230 10,

1405 1233 1524 1317 100).
1571 1237 1667 1288 Die
1688 1237 2052 1289 Parallelstelle
2087 1255 2153 1287 zu
2185 1239 2232 1288 Il
2264 1237 2357 1301 54,
2390 1246 2468 1288 220

1403 1305 1457 1356 ff.
1484 1308 1552 1356 ist
1574 1321 1628 1385 p.
1655 1304 1960 1369 Cluent.5l,
1990 1314 2064 1357 141
2089 1305 2142 1358 ff.
2211 1304 2270 1357 L.
2298 1305 2469 1356 Crassi

1402 1376 1753 1425 auctoritatem
1777 1389 1978 1439 sequor,
2005 1375 2091 1436 qui
2115 1389 2232 1424 cum
2251 1372 2307 1426 C.
2317 1374 2468 1425 Plan-

1403 1456 1520 1493 cum
1553 1441 1625 1508 (s.
1661 1439 1950 1508 Plancium)
1984 1441 2280 1493 defenderet
2313 1457 2467 1493 accu—

1404 1519 1551 1561 sante
1584 1511 1652 1561 M.
1675 1509 1857 1579 Brute,
1906 1511 2101 1561 homine
2148 1513 2203 1563 in
2249 1512 2466 1563 dicendo

1401 1579 1679 1630 vehementi
1699 1586 1750 1629 et
1772 1580 1974 1638 callido,
1999 1593 2112 1629 cum
2132 1578 2317 1629 Brutus
2339 1581 2468 1630 duo-

1404 1647 1502 1698 bus
1534 1648 1888 1698 recitatoribus
1923 1647 2212 1697 constitutis
2247 1663 2311 1698 ex
2337 1648 2464 1699 dua-

1402 1716 1500 1770 bus
1537 1717 1646 1766 eius
1693 1715 2008 1765 orationibus
2052 1716 2219 1780 capita
2253 1715 2464 1777 alterna,

1403 1783 1534 1833 inter
1559 1798 1616 1834 se
1640 1785 1909 1842 contraria,
1933 1784 2194 1833 recitanda
2217 1791 2463 1845 curasset,

1406 1851 1545 1914 quod
1575 1852 1631 1901 in
1666 1852 1988 1902 dissuasione
2019 1852 2298 1916 rogationis
2335 1853 2466 1915 eius,

1405 1934 1536 1982 quae
1583 1930 1755 1970 contra
1802 1919 2053 1970 coloniam
2086 1918 2466 1970 Narbonensem

1403 1987 1685 2049 ferebatur,
1712 2001 1954 2052 quantum
1978 1996 2173 2053 potest,
2201 1990 2266 2038 de
2286 1999 2467 2039 aucto-

1404 2058 1552 2107 ritate
1586 2067 1795 2106 senatus
1830 2056 2077 2115 detrahit,
2124 2057 2178 2106 in
2226 2057 2467 2108 suasione

1404 2124 1532 2190 legis
1554 2122 1798 2175 Serviliae
1821 2125 2039 2175 summis
2065 2131 2209 2174 ornat
2232 2133 2468 2175 senatum

1335 2211 1339 2215 ·
1403 2192 1663 2256 laudibus,
1690 2202 1739 2242 et
1756 2193 1943 2242 multa
1930 2208 1981 2242 in
2001 2189 2198 2256 equites
2210 2193 2467 2243 Romanos

1405 2275 1522 2311 cum
1547 2276 1615 2311 ex
1637 2274 1697 2310 ea
1721 2261 1947 2311 oratione
1970 2261 2202 2325 asperius
2226 2261 2361 2311 dicta
2384 2276 2462 2310 re-

1403 2329 1637 2388 citasset,
1687 2342 1786 2391 quo
1821 2329 1975 2380 animi
2006 2329 2207 2380 illorum
2240 2329 2464 2380 iudicum

1401 2398 1456 2447 in
1470 2396 1710 2448 Crassum
1727 2398 2130 2458 incenderentur,
2150 2397 2465 2460 aliquantum

1402 2480 1520 2515 esse
1543 2477 1824 2517 commotus
1850 2467 2048 2517 dicitur.
2109 2467 2285 2528 ltaque
2307 2466 2359 2515 in
2384 2481 2464 2516 re·

1403 2533 1705 2598 spondendo
1750 2535 1971 2600 primum
2007 2536 2244 2600 exposuit
2277 2535 2468 2585 utrius·

1402 2616 1502 2665 que
1520 2602 1765 2652 rationem
1790 2603 2050 2668 temporis,
2074 2609 2133 2652 ut
2150 2603 2311 2652 oratio
2331 2617 2394 2652 ex
2412 2618 2467 2654 re

1404 2677 1454 2719 et
1478 2684 1633 2720 causa
1656 2669 1826 2720 habita
1847 2670 2131 2732 videretur,
2164 2670 2374 2731 deinde,
2411 2678 2469 2720 ut

1403 2732 1700 2804 intellegere
1730 2748 1908 2804 posset
1930 2737 2147 2799 Brutus,
2185 2752 2338 2800 quem
2370 2737 2464 2788 ho·

1403 2805 1595 2855 minem
1629 2815 1680 2856 et
1712 2821 1816 2857 nou
1840 2806 2005 2857 solum
2031 2821 2132 2869 qua
2157 2805 2466 2870 eloquentia,

1404 2889 1581 2925 verum
1606 2876 1758 2924 etiam
1783 2889 1882 2940 quo
1907 2875 2079 2940 lepore
2105 2882 2153 2939 et
2177 2876 2362 2938 quibus
2389 2874 2464 2924 fa-

1404 2942 1549 2992 cetiis
1574 2944 1861 3008 praeditum
1886 2944 2193 3005 lacessisset,
2227 2950 2332 2993 tres
2356 2944 2466 3009 ipse

1404 3011 1649 3061 excitavit
1664 3013 1956 3063 recitatores
1974 3011 2317 3076 cumsingulis
2328 3011 2468 3062 libel-

1402 3078 1482 3140 lis,
1507 3093 1635 3143 quos
1645 3079 1712 3131 M.
1725 3080 1927 3142 Brutus,
1943 3088 2086 3145 pater
2106 3080 2243 3130 illius
2262 3094 2470 3130 accusa-

1403 3147 1546 3210 toris,
1558 3148 1622 3197 de
1639 3149 1749 3198 iure
1767 3148 1900 3198 civili
1915 3148 2137 3210 reliquit.
2163 3148 2349 3198 Eorum
2367 3149 2464 3198 ini-

1405 3216 1478 3264 tia
1509 3230 1628 3266 cum
1660 3216 2015 3277 recitarentur,
2053 3230 2131 3275 ea,
2167 3230 2297 3277 quae
2320 3217 2465 3267 vobis

1407 3290 1528 3333 nota
1561 3298 1676 3333 esse
1709 3284 1949 3344 arbitror,
1998 3282 2167 3334 ‘Forte
2211 3285 2379 3333 evenit
2411 3293 2468 3333 ut

1401 3353 1508 3401 ruri
1533 3352 1586 3400 in
1608 3351 1889 3401 Privernati
1913 3366 2143 3401 essemus
2163 3365 2256 3415 ego
2277 3360 2327 3402 et
2343 3351 2468 3401 Bru·

1404 3428 1487 3469 tus
1512 3417 1686 3483 filius,'
1709 3418 1925 3469 fundum
1947 3419 2293 3470 Privernatem
2317 3420 2466 3485 flagi-

1406 3488 1573 3545 tabat;
1635 3486 1715 3537 ‘in
1762 3487 1963 3539 Albano
2023 3501 2224 3537 eramus
2274 3502 2366 3553 ego
2417 3498 2467 3537 et

1403 3553 1592 3605 Brutus
1625 3554 1775 3607 filius
1811 3555 2068 3606 Albanum
2129 3557 2360 3617 oscebat3
2397 3557 2465 3607 ‘in

1404 3623 1601 3674 Tiburti
1645 3623 1774 3674 forte
1817 3639 1932 3674 cum
1965 3639 2081 3675 asse
2119 3626 2251 3676 imus
2286 3639 2381 3691 ego
2417 3635 2467 3675 et

1405 3691 1592 3742 Brutus
1625 3690 1777 3743 fllius’
1826 3693 2084 3744 Tiburtem
2131 3693 2348 3745 fundum
2382 3708 2464 3743 re-

1405 3760 1665 3824 quirebat3
1714 3759 1925 3810 Brutum
1960 3769 2156 3824 autem,
2204 3750 2463 3812 hominem

1406 3827 1718 3893 sapientem,
1768 3829 1905 3891 quod
1950 3828 2040 3880 filii
2073 3830 2349 3894 nequitiam
2384 3831 2464 3881 vi-

1405 3896 1572 3957 deret,
1622 3912 1753 3960 quae
1798 3897 2007 3962 praedia
2053 3899 2098 3947 ei
2138 3898 2460 3960 relinqueret,

1404 3962 1664 4015 testificari
1708 3965 1931 4015 voluisse
1979 3965 2193 4016 dicebat.
2276 3965 2467 4026 Quodsi

1398 4033 1656 4097 pomicset
1677 4034 1886 4084 honeste
1908 4033 2161 4092 scribere,
2197 4049 2253 4084 se
2276 4036 2331 4084 in
2353 4034 2461 4085 bal-

1403 4102 1515 4151 neis
1548 4115 1656 4151 cum
1686 4103 1746 4152 id
1773 4103 1961 4152 aetatis
1986 4104 2096 4166 filio
2126 4102 2313 4166 fuisse,
2362 4119 2462 4154 non

1399 4171 1768 4234 praeterisse&
1796 4184 1884 4221 eas
1908 4184 1965 4219 se
1988 4177 2155 4220 tamen
2178 4171 2244 4221 ab
2271 4184 2328 4220 eo
2355 4171 2462 4221 bal-

1404 4251 1531 4288 neas
1550 4252 1653 4288 non
1672 4252 1737 4288 ex
1744 4239 1906 4304 patris
1915 4237 2071 4301 libris,
2083 4238 2176 4290 sed
2194 4253 2259 4289 ex
2276 4239 2462 4293 tabulis
