2930 4693
853 207 952 270 DE
994 205 1347 270 ORATORE
1384 208 1439 270 11
1482 209 1584 270 47.
1628 215 1746 270 195.
1778 216 1898 272 199.
2357 217 2481 281 163

268 398 305 441 a
334 376 675 440 Democrito
715 382 776 438 et
801 374 1047 438 Platone
1086 378 1149 437 in
1191 377 1428 457 scriptis
1467 378 1740 440 relictum
1782 397 1912 441 esse
1952 379 2192 460 dicunt).
2223 381 2350 442 sine
2388 382 2482 442 in-

267 464 669 526 flammatione
690 463 1022 522 animorum
1044 463 1326 523 exsistere
1346 480 1521 542 posse
1544 469 1603 524 et
1630 465 1757 525 sine
1787 463 2041 544 quodam
2071 463 2288 527 adflatu
2316 467 2484 545 quasi

265 549 508 610 furoris
561 548 756 620 Quare
784 544 981 607 nolite·
998 548 1334 608 existimare
1353 565 1449 608 me
1473 549 1683 627 ipsum,
1715 551 1962 628 quinon
1983 550 2232 611 heroum
2255 557 2486 611 veteres
2524 546 2611 623 47

268 651 445 695 casus
471 634 756 715 fictosque
785 629 979 692 luctus
1004 630 1175 692 velim
1199 632 1420 693 imitari
1444 639 1619 712 atque
1642 633 1996 695 adumbrare
2018 634 2268 695 dicendo
2292 652 2485 714 neque

269 725 438 780 actor
466 719 576 779 sim
608 716 834 778 alienae
862 733 1179 796 personae,
1223 716 1327 776 sed
1359 725 1564 777 auctor
1592 735 1791 788 meae,
1840 736 1974 779 cum
2006 719 2152 780 mihi
2181 720 2274 781 Μ’.
2304 721 2484 799 Aqui·

266 802 430 864 lius
414 820 477 862 ιιι
508 803 739 863 civitate
767 801 1109 863 retinendus
1140 808 1321 872 esset,
1378 819 1529 882 quae
1574 803 1636 862 in
1675 800 1775 862 illa
1817 820 1991 864 causa
2033 803 2368 882 peroranda
2397 804 2484 864 fe-

268 889 476 957 cerim,
508 888 636 947 sine
665 902 878 964 magno
909 883 1111 946 dolore
1132 886 1363 948 fecisse.
1417 886 1603 958 Quem
1628 888 1787 948 enim
1819 905 1929 966 ego
1959 887 2260 949 consulem
2282 888 2481 961 fuisse,
2514 896 2618 949 195

267 973 693 1052 imperatorem
724 976 994 1030 ornatum
1026 989 1059 1031 a
1089 977 1324 1041 senatu,
1369 978 1638 1032 ovantem
1677 954 1740 1031 in
1771 963 2128 1051 Capitolium
2151 973 2485 1035 ascendisse

268 1056 700 1125 meminissem,
753 1055 911 1114 hunc
958 1071 1091 1115 cum
1143 1054 1472 1125 adflictum,
1527 1054 1920 1127 debilitatum,
1971 1064 2366 1127 maerentem,
2421 1059 2486 1118 in

268 1157 568 1202 summum
622 1137 938 1199 discrimen
988 1138 1304 1201 adductum
1347 1141 1642 1210 viderem,
1693 1158 1813 1201 non
1863 1143 2029 1219 prius
2070 1160 2202 1202 sum
2241 1148 2486 1204 conatus

266 1222 739 1286 misericordiam
763 1221 891 1283 assis
913 1242 1299 1295 commovere,
1330 1243 1507 1305 quam
1529 1226 1936 1286 misericordia
1957 1245 2088 1288 sum
2108 1228 2237 1306 ipse
2259 1234 2483 1306 captus.

271 1310 446 1370 Sensi
488 1306 761 1388 equidem
799 1314 924 1368 tum
975 1326 1191 1387 magno
1242 1328 1422 1389 opere
1475 1311 1699 1370 moveri
1750 1310 2003 1381 iudiceS,
2061 1329 2195 1371 cum
2237 1312 2486 1372 excitavi

268 1399 561 1455 maestum
591 1410 660 1453 ac
688 1391 1048 1454 sordidatum
1079 1411 1286 1455 senem
1317 1402 1375 1455 et
1413 1413 1549 1455 cum
1591 1396 1700 1454 ista
1740 1394 1886 1464 feci,
1939 1413 2091 1475 quae
2120 1402 2211 1466 tu,
2256 1396 2483 1466 Crasse,

268 1478 490 1548 laudas,
525 1495 644 1538 non
672 1486 816 1547 arte,
849 1476 923 1537 de
951 1496 1064 1557 qua
1092 1478 1233 1558 quid
1264 1477 1472 1559 loquar
1502 1481 1717 1548 nescio,
1751 1479 1853 1540 sed
1878 1487 2041 1540 motu
2064 1497 2279 1557 magno
2305 1480 2487 1541 animi

269 1580 343 1624 ac
372 1561 597 1633 dolore,
627 1569 693 1622 ut
721 1559 1112 1643 discinderem
1140 1565 1418 1634 tunicam,
1452 1570 1518 1624 ut
1546 1565 1851 1624 cicatrices
1880 1563 2274 1624 ostenderem.
2337 1565 2482 1626 Cum
2513 1567 2615 1620 196

272 1648 336 1709 G.
368 1648 586 1708 Marius
627 1663 962 1707 maerorem
1003 1649 1283 1708 orationis
1322 1666 1491 1708 meae
1548 1664 1831 1728 praesens
1871 1667 1940 1709 ac
1982 1648 2196 1709 sedens
2233 1647 2483 1709 multum

267 1731 529 1793 lacrimis
552 1732 674 1791 suis
695 1730 996 1791 adiuvaret
1020 1746 1269 1812 cumque
1295 1750 1403 1810 ego
1427 1731 1593 1792 illum
1623 1732 1836 1793 crebro
1867 1731 2170 1812 appellans
2198 1730 2487 1811 collegam

271 1817 329 1876 ei
357 1833 531 1876 suum
562 1815 1036 1877 commendarem
1068 1823 1240 1896 atque
1270 1817 1461 1896 ipsum
1491 1815 1836 1893 advocatum
1868 1817 1941 1878 ad
1967 1834 2342 1878 communem
2371 1819 2487 1878 im-

266 1907 616 1982 peratorum
652 1900 951 1961 fortunam
981 1899 1410 1962 defendendam
1454 1902 1817 1973 invocarem,
1870 1920 1991 1963 non
2030 1902 2143 1963 fuit
2181 1902 2331 1963 haec
2358 1903 2488 1962 sine

267 1985 421 2046 meis
450 1982 723 2054 lacrimis,
755 2002 876 2044 non
897 1986 1026 2045 sine
1049 1984 1253 2046 dolore
1275 2002 1493 2064 magno
1514 1986 1813 2047 miseratio
1833 1989 2213 2067 omniumque
2237 1987 2487 2049 deorum

270 2076 333 2130 et
359 2070 666 2130 hominum
696 2076 755 2130 et
798 2071 1013 2130 civium
1040 2068 1114 2131 'et
1153 2070 1449 2131 sociorum
1501 2069 1855 2150 imploratio.
1945 2071 2170 2144 Quibus
2212 2071 2488 2135 omnibus

266 2153 493 2222 verbis,
547 2171 697 2233 quae
726 2173 761 2214 a
789 2173 886 2215 me
915 2161 1041 2215 tum
1072 2161 1209 2214 sunt
1235 2153 1462 2224 habita,
1518 2157 1567 2215 si
1610 2154 1779 2215 dolor
1808 2155 2090 2217 abfuisset
2118 2174 2313 2226 meuS,
2366 2173 2489 2216 non

269 2237 448 2299 modo
472 2256 593 2298 non
616 2238 988 2309 miserabiliS,
1013 2239 1116 2299 sed
1141 2240 1315 2300 etiam
1335 2239 1637 2301 irridenda
1659 2239 1866 2301 fuisset
1886 2241 2073 2301 oratio
2096 2258 2245 2301 mea.
2270 2239 2488 2312 Quam-

272 2322 483 2385 obrem
512 2322 628 2385 hoc
660 2342 764 2385 vos
787 2319 996 2395 doceo,
1043 2321 1283 2404 Sulpici,
1327 2323 1521 2386 bonus
1551 2341 1661 2404 ego
1702 2322 1976 2386 videlicet
2004 2331 2179 2406 atque
2223 2324 2490 2387 eruditus

338 2525 533 2592 adfiatu
555 2528 702 2591 qua-32⁸
716 2526 933 2589 furoris.
959 2524 1256 2590 Tusc.126,
1281 2533 1332 2575 64

269 2593 384 2644 sine
419 2594 623 2644 caelesti
657 2594 827 2657 aliquo
850 2594 1033 2643 mentis
1068 2595 1329 2645 instinctu.

270 2676 324 2726 p.
351 2660 503 2711 Areh.
528 2659 578 2723 8,
605 2670 655 2711 18
676 2671 880 2727 poetam
902 2688 967 2697 —
986 2662 1133 2723 quasi
1158 2662 1329 2712 divino

272 2729 494 2790 quodam
536 2730 713 2794 spiritu
759 2729 944 2778 inflari.
1003 2729 1148 2781 Ovid.
1192 2728 1328 2779 Fast.

268 2797 343 2847 VI
367 2795 400 2846 5
426 2803 503 2845 est
526 2797 652 2847 deus
684 2797 735 2846 in
772 2797 944 2856 nobis,
987 2797 1209 2861 agitante
1243 2810 1326 2845 ca-

267 2863 511 2913 lescimus
527 2864 631 2915 illo.
658 2863 895 2915 Schiller:
920 2863 1047 2914 Grai*
1061 2878 1159 2915 von
1169 2864 1333 2915 Habe-

269 2931 404 2994 burg·
427 2930 525 2982 Str.
551 2931 601 2981 5.

337 2998 423 3048 47.
459 3000 600 3049 velim
622 3025 688 3035 -
709 3000 826 3059 sim,
864 2998 994 3049 nach
1025 3000 1124 3050 deu
1147 2998 1331 3050 besten

268 3066 362 3117 Hs,
400 3063 572 3132 (nicht
604 3066 785 3116 vellem
809 3093 873 3103 ——
899 3082 1062 3117 essem
1088 3068 1217 3117 nach
1241 3068 1333 3118 der

269 3131 522 3199 Vulgata)
535 3150 559 3184 z»
575 3134 666 3184 das
685 3150 788 3184 war
804 3134 944 3184 nicht
959 3135 1096 3186 bloss
1116 3136 1329 3193 damnis,

270 3202 495 3253 sondern
520 3202 586 3251 ist
606 3202 894 3267 uberhaupt
920 3204 1002 3251 bei
1018 3203 1194 3267 jedem
1208 3203 1333 3253 Auf-

268 3276 436 3387 treffn
480 3269 572 3319 des
618 3270 905 3321 Redners
936 3271 1190 3321 Antonius
1224 3271 1333 3320 Ab·

269 3338 350 3388 sic
387 3345 424 3387 t.

290 3441 293 3448 2
340 3411 487 3455 actor
496 3432 561 3441 —
572 3411 752 3455 auctor
764 3430 829 3440 —-
840 3405 932 3453 mit
949 3403 1332 3455 absichtlichem

271 3471 578 3539 Wortspiel:
617 3472 754 3521 nicht
777 3470 975 3538 Spieler
1005 3473 1143 3522 einer
1178 3472 1334 3522 frem-

273 3539 375 3591 den
398 3540 568 3603 Rolle,
603 3540 825 3591 eonderu
850 3540 1106 3590 Vertreter
1136 3541 1336 3591 meiner

273 3622 319 3656 ei
361 3622 506 3658 enen.

208 3723 211 3726 .
322 3623 437 3793 ἧς..
462 3676 699 3741 Aquilius
731 3674 764 3743 S
803 3675 918 3727 124.
965 3675 1096 3726 Einl.
1122 3676 1146 3725 Ι
1179 3672 1211 3742 S
1248 3674 1331 3741 11,

342 3819 434 3861 195.
458 3816 705 3872 ornatum,
731 3811 824 3860 mit
847 3810 961 3862 dem
980 3810 1334 3876 Ehrennamen

271 3876 382 3928 und
415 3879 504 3928 der
535 3847 733 3928 Wiirtl'e
767 3879 905 3929 eines
936 3873 1209 3945 imperator
1242 3894 1337 3945 ge-

269 3944 539 3997 schmiickt
561 3941 904 4011 (nominatum
928 3947 1098 3998 wiirde
1117 3948 1220 3997 den
1242 3948 1332 3997 be-

270 4013 611 4079 absichtigten
644 4014 831 4076 Effect‚
876 4014 969 4063 der
1009 4014 1139 4065 auch
1173 4014 1334 4065 durch

272 4080 358 4131 die
379 4079 533 4132 Wahl
558 4083 651 4133 der
670 4081 970 4132 Ausdriicke
995 4083 1168 4133 erzielt
1190 4084 1332 4144 wit-d,

273 4147 566 4200 bedentend
589 4148 998 4213 absrhwichen).
1044 4152 1099 4201 in
1125 4150 1333 4215 Capito·

270 4217 415 4278 Em,
451 4232 539 4269 um
570 4218 667 4270 des
695 4217 901 4269 iibliche
922 4216 1079 4285 Oprer
1101 4233 1168 4269 zu
1190 4219 1333 4269 brin-

1432 2541 1532 2590 gen
1590 2523 1699 2592 (ein
1748 2525 1931 2583 Schaf3
1997 2526 2088 2576 der
2132 2526 2493 2592 Triumphator

1434 2592 1643 2644 brachte
1669 2595 1749 2643 ein
1776 2593 2095 2659 Stieropi'er).

1498 2663 1815 2724 ascendisse,
1868 2678 1932 2711 zu
1965 2662 2121 2724 Fuss,
2156 2662 2249 2710 wie
2281 2662 2365 2711 bei
2402 2661 2493 2711 der

1431 2731 1602 2779 ovatio
1627 2728 1943 2794 gewohnlich
1966 2744 2093 2791 war,
2129 2728 2371 2779 wfihrend
2400 2730 2493 2780 der

1430 2797 1788 2863 Triumphato‘r
1828 2797 1923 2846 auf
1962 2798 2123 2848 einem
2161 2797 2492 2861 vergoldeten

1430 2865 1535 2914 und
1556 2866 1647 2914 mit
1666 2865 1772 2913 vier
1787 2866 2004 2915 weissen
2016 2865 2211 2916 Rossen
2234 2868 2494 2931 bespenn-

1430 2941 1517 2982 ten
1541 2933 1743 2997 Wagen
1769 2931 1901 2986 fuhr.

1500 3001 1697 3060 laudas,
1720 3001 1752 3062 S
1777 2999 1889 3049 127.
1914 3003 1980 3051 de
1998 3017 2097 3067 qua
2120 3008 2214 3050 etc.
2232 3014 2331 3051 von
2354 3001 2495 3050 einer

1431 3068 1641 3118 solchen
1666 3069 1735 3118 ist
1756 3069 1852 3118 mir
1876 3068 2041 3118 nichts
2068 3069 2306 3130 bekannt,
2333 3070 2493 3118 worin

1431 3136 1530 3186 wol
1575 3134 1804 3200 zugleich
1856 3136 1940 3186 die
1987 3136 2299 3200 Andeutung
2352 3136 2494 3201 liegt,

1434 3202 1764 3254 dass-solche
1799 3202 1997 3252 Scenen
2032 3202 2170 3252 nicht
2205 3213 2330 3252 etwa
2363 3202 2489 3252 nach

1432 3272 1773 3335 vergingiger
1794 3270 2073 3334 bewusster
2088 3270 2351 3320 Ressexion
2376 3269 2496 3320 her-

1432 3337 1721 3402 beigeffihrt
1742 3337 1946 3386 werden
1973 3336 2169 3386 diirfen.

1502 3414 1594 3455 196.
1629 3419 1881 3469 praesens
1904 3421 1968 3455 ac
1997 3406 2183 3454 sedens
2205 3430 2270 3439 —
2296 3403 2378 3453 ein
2402 3418 2494 3454 so-

1432 3472 1610 3521 lenner
1632 3472 1919 3532 Ausdruck,
1951 3486 2038 3521 um
2065 3471 2150 3521 die
2173 3470 2494 3521 officielle

1433 3537 1795 3589 Anwesenheit
1813 3539 1972 3605 damit
1991 3554 2054 3589 zu
2074 3537 2405 3589 bezeichnen.
2422 3539 2493 3592 Μ.

1432 3621 1536 3657 war
1559 3606 1849 3673 personlich
1884 3621 2140 3672 eugegen,
2183 3606 2323 3657 nicht
2345 3614 2496 3657 unter

1435 3676 1527 3725 der
1559 3689 1747 3726 corona
1781 3675 1871 3725 der
1903 3672 2219 3737 Zuschauer,
2268 3675 2495 3725 sondern

1434 3753 1585 3792 unter
1630 3744 1729 3793 den
1775 3741 2056 3794 Beisitzern
2103 3744 2196 3793 des
2244 3741 2495 3794 Gerichts.

1433 3811 1583 3937 ἕδη·
1609 3808 1929 3872 11159,138.
1978 3811 2145 3877 vgl.1
2176 3809 2268 3870 57,
2302 3818 2397 3860 2⁴3.
2447 3809 2497 3860 11

1544 3886 1643 3928 245.

1502 3947 1575 3996 ad
1602 3960 1898 3997 comunem
1926 3947 2304 4011 imperator-ent,
2351 3944 2494 3995 inso-

1431 4013 1544 4064 fern
1594 4013 1687 4063 der
1724 4023 1952 4079 gesamte
1983 4012 2410 4063 Feldherrnstand
2441 4013 2496 4063 in

1434 4082 1528 4132 der
1560 4081 1756 4131 Person
1802 4081 1895 4131 des
1928 4080 2015 4133 Μ’.
2050 4079 2287 4143 Aquilius
2332 4095 2496 4147 ange-

1433 4149 1615 4217 griffen
1638 4163 1759 4199 war.

1502 4218 1663 4269 bonus
1698 4226 1819 4278 etc..
1862 4216 2132 4278 ironiam,
2156 4218 2269 4267 weil
2303 4217 2367 4270 A.
2399 4230 2499 4267 ιιιιι·
