2930 4693
341 1224 412 1276 27

462 207 595 274 234
1082 203 1182 269 DE
1220 197 1579 269 ORATORE
1617 198 1699 260 111
1741 197 1802 263 8.
1843 207 2081 262 27-31.

463 375 646 435 etiam
677 373 751 434 ad
781 380 958 434 arteS.
1046 373 1175 435 Una
1204 368 1470 452 fingendi
1511 375 1602 429 est
1630 386 1746 436 ars,
1789 369 1851 429 in
1893 387 2009 449 qua
2048 379 2420 449 praestantes
2460 373 2709 438 fuerunt

462 459 648 538 Myro,
679 456 1016 538 Polyclitus,
1045 457 1366 538 Lysippus;
1410 454 1514 533 qui
1537 470 1752 514 omnes
1789 455 1948 515 inter
1977 472 2041 516 se
2085 454 2400 517 dissimiles
2439 458 2704 532 fuerunt,

464 542 568 605 sed
599 544 679 603 ita
710 549 927 614 tamen,
970 550 1038 604 ut
1066 544 1369 603 neminem
1399 540 1491 602 sui
1517 535 1662 599 velis
1691 555 1823 598 esse
1857 537 2221 600 dissimilem.
2312 540 2439 602 Una
2483 551 2574 604 est
2601 562 2705 605 ars

462 628 734 707 ratioque
772 628 1040 705 picturae
1058 673 1075 697 ,
1125 623 1614 700 dissimillimique
1655 629 1855 683 tamen
1898 623 2057 683 inter
2100 642 2167 685 se
2211 625 2441 702 Zeuxis,
2484 627 2700 706 Aglao-

462 711 645 791 phon,
675 710 941 791 Apelles;
987 727 1182 791 neque
1220 728 1428 771 eorum
1472 707 1782 788 quisquam
1829 713 1920 767 est
1959 709 2057 768 cui
2094 707 2419 789 quidquam
2462 712 2527 772 in
2568 719 2699 774 arte

463 814 567 858 sua
600 795 807 857 deesse
835 794 1124 856 videatur.
1213 794 1288 855 Et
1316 796 1369 855 si
1396 794 1513 855 hoc
1541 791 1606 849 in
1635 791 1730 852 his
1758 792 1929 871 quasi
1972 793 2151 853 mutis
2180 792 2408 855 artibus
2451 803 2541 857 est
2582 798 2698 858 mi-

460 879 719 942 randum
753 886 813 939 et
841 887 1042 941 tamen
1090 896 1311 949 verum,
1361 881 1584 957 quanto
1623 874 1954 937 mirabilius
1994 878 2056 936 in
2099 879 2369 939 oratione
2409 886 2585 959 atque
2629 883 2699 943 in

459 962 705 1042 lingua?
734 981 885 1043 quae
916 981 1053 1024 cum
1082 964 1147 1023 in
1177 962 1399 1024 eisdem
1431 961 1743 1024 sententiis
1770 958 2084 1040 verbisque
2113 970 2401 1035 versetur,
2432 981 2699 1026 summas

460 1046 645 1109 habet
674 1046 1210 1118 dissimilitudinem
1260 1065 1382 1108 non
1412 1048 1517 1116 sic,
1561 1051 1628 1105 ut
1656 1042 1755 1104 alii
1784 1044 2159 1124 vituperandi
2187 1048 2323 1117 sint,
2361 1047 2468 1109 sed
2507 1056 2575 1109 ut
2614 1050 2695 1121 ei,

460 1150 612 1212 quos
642 1138 875 1193 constet
915 1149 1046 1193 esse
1085 1130 1442 1201 laudandos,
1485 1131 1547 1190 in
1591 1128 1814 1208 dispari
1851 1136 2048 1190 tamen
2094 1146 2315 1209 genere
2354 1130 2694 1195 laudentur.

456 1218 647 1296 Atque
674 1215 739 1276 id
766 1216 1026 1294 primum
1055 1217 1118 1276 in
1146 1217 1339 1295 pomis
1369 1216 1539 1277 cerni
1556 1211 1720 1283 licet,
1753 1212 1968 1292 quibus
1996 1221 2088 1275 est
2114 1216 2385 1293 proxima
2416 1219 2697 1294 cognatio

462 1318 598 1361 cum
628 1298 980 1371 oratoribuS,
1030 1318 1206 1380 quam
1250 1301 1370 1360 sint
1407 1301 1569 1360 inter
1608 1314 1739 1358 sese
1768 1297 2012 1368 Ennius,
2043 1298 2331 1360 Pacuvius
2359 1302 2693 1380 Acciusque

460 1382 804 1453 dissimiles;
848 1401 1026 1463 quam
1069 1383 1226 1463 apud
1269 1384 1530 1444 Graecos
1569 1380 1893 1461 Aeschylus
1907 1429 1922 1452 ,
1971 1382 2312 1462 Sophocles,
2354 1384 2697 1463 Euripich,

461 1485 818 1548 quamquam
848 1466 1126 1529 omnibus
1165 1486 1276 1548 par
1304 1484 1498 1547 paene
1540 1465 1670 1527 laus
1707 1467 1773 1525 in
1813 1465 2084 1527 dissimili
2123 1466 2426 1528 scribendi
2467 1485 2694 1547 genere

340 1558 414 1613 28
455 1551 772 1613 tribuatur.
845 1553 1106 1632 Aspicite
1135 1569 1296 1613 nunc
1326 1571 1429 1613 eos
1458 1551 1733 1612 homines
1760 1556 1936 1629 atque
1964 1551 2297 1621 intuemini,
2328 1570 2584 1631 quorum
2612 1554 2693 1615 de

455 1636 734 1698 facultate
763 1638 1123 1716 quaerimus,
1165 1636 1311 1717 quid
1346 1637 1586 1697 intersit
1621 1635 1782 1694 inter
1820 1642 2124 1696 oratorum
2156 1636 2345 1697 studia
2377 1646 2554 1716 atque
2584 1656 2691 1699 na-

453 1728 639 1783 turas.
728 1721 1086 1782 Suavitatem
1114 1721 1423 1791 Isocrates,
1469 1717 1854 1781 subtilitatem
1882 1718 2103 1798 Lysias,
2148 1737 2399 1781 acumen
2437 1722 2693 1801 Hyperi-

455 1803 590 1877 des,
645 1807 906 1865 sonitum
944 1805 1286 1877 Aeschines,
1328 1806 1446 1865 vim
1499 1801 1928 1865 Demosthenes
1966 1801 2192 1865 habuit.
2293 1805 2437 1877 Quis
2477 1823 2689 1868 eorum

453 1906 576 1949 non
607 1888 917 1967 egregius?
957 1895 1155 1948 tamen
1196 1890 1328 1969 quis
1357 1890 1705 1968 cuiusquam
1746 1888 1862 1947 nisi
1889 1888 1985 1949 sui
2025 1887 2268 1949 similis?
2327 1890 2690 1953 Gravitatem

452 1972 784 2041 Africanus,
829 1970 1133 2033 lenitatem
1177 1971 1432 2044 Laelius,
1477 1973 1857 2052 asperitatem
1898 1970 2114 2044 Galba,
2169 1973 2476 2051 profluens
2516 1975 2690 2054 quid-

455 2054 592 2117 dam
621 2055 830 2117 habuit
857 2054 1050 2118 Carbo
1082 2062 1142 2117 et
1171 2074 1477 2118 canorum.
1567 2056 1713 2128 Quis
1740 2056 1958 2117 horum
1987 2074 2109 2117 non
2137 2059 2418 2138 princeps
2460 2066 2688 2139 tempo-

277 2139 328 2212 8
347 2150 417 2203 29
450 2139 618 2202 ribus
646 2139 762 2201 illis
791 2140 937 2202 fuit?
968 2148 1029 2201 et
1055 2159 1163 2202 suo
1191 2148 1393 2202 tamen
1423 2142 1673 2220 quisque
1700 2141 1765 2200 in
1793 2157 2016 2219 genere
2043 2142 2342 2221 princeps.
2398 2143 2515 2205 Sed
2542 2144 2688 2223 quid

329 2741 403 2794 30

323 3162 393 3214 31

452 2242 563 2304 ego
592 2232 792 2286 vetera
823 2227 1193 2305 conquiram,
1238 2243 1372 2287 cum
1415 2225 1564 2286 mihi
1602 2223 1780 2285 liceat
1819 2226 1907 2285 uti
1945 2226 2358 2304 praesentibus
2398 2227 2688 2308 exemplis

448 2316 626 2390 atque
653 2311 833 2371 vivis?
891 2309 1044 2382 Quid
1077 2310 1398 2373 iucundius
1434 2307 1676 2372 auribus
1704 2311 1927 2372 nostris
1954 2328 2236 2390 umquam
2266 2311 2482 2375 accidit
2509 2312 2688 2374 huius

448 2396 718 2456 oratione
769 2394 998 2458 Catuli?
1048 2414 1199 2475 quae
1247 2403 1337 2457 est
1374 2413 1526 2475 pura
1568 2396 1671 2466 sic,
1725 2402 1791 2456 ut
1831 2393 2039 2455 Latine
2089 2394 2254 2476 loqui
2291 2415 2482 2475 paene
2523 2396 2688 2458 solus

446 2478 742 2550 videatur,
787 2480 873 2540 sic
904 2486 1102 2541 autem
1132 2482 1359 2558 gravis,
1406 2482 1565 2540 utin
1593 2478 1879 2557 singulari
1918 2479 2205 2558 dignitate
2248 2482 2442 2542 omnis
2482 2488 2685 2543 tamen

448 2562 602 2626 adsit
630 2565 967 2626 humanitas
997 2583 1067 2626 ac
1095 2563 1281 2644 lepos.
1369 2563 1523 2635 Quid
1553 2562 1774 2624 multa?
1802 2563 1983 2624 istum
2013 2563 2260 2625 audiens
2290 2566 2564 2644 equidem
2595 2568 2684 2627 sic

445 2648 711 2710 iudicare
752 2646 933 2718 soleo,
978 2648 1262 2728 quidquid
1293 2655 1394 2709 aut
1423 2647 1724 2709 addideris
1765 2657 1867 2708 aut
1906 2650 2226 2709 mutaveris
2266 2657 2366 2710 aut
2409 2650 2682 2710 detraxe-

443 2733 548 2804 ris,
581 2734 845 2794 vitiosius
875 2740 935 2793 et
963 2733 1227 2794 deterius
1255 2732 1543 2794 futurum.
1632 2732 1814 2804 Quid,
1859 2739 2064 2792 noster
2104 2733 2203 2793 hic
2233 2734 2450 2797 Caesar
2479 2752 2683 2795 nonne

443 2834 654 2876 novam
687 2816 983 2896 quandam
1013 2818 1308 2877 rationem
1339 2816 1534 2879 attulit
1563 2818 1849 2879 orationis
1879 2824 1938 2877 et
1967 2816 2204 2878 dicendi
2233 2835 2420 2896 genus
2447 2819 2688 2880 induxit

443 2917 633 2979 prope
673 2898 1011 2979 singulare?
1070 2900 1216 2971 Quis
1254 2918 1538 2981 umquam
1583 2919 1682 2962 res
1724 2907 1964 2981 praeter
2005 2901 2164 2962 hunc
2207 2904 2460 2980 tragicas
2489 2921 2685 2983 paene

443 2985 700 3056 comice,
752 2986 953 3044 tristes
982 2986 1261 3055 remisse,
1307 3003 1546 3046 severas
1590 2983 1812 3057 hilare,
1876 2985 2144 3047 forenses
2198 2989 2435 3048 scenica
2490 3006 2687 3067 prope

441 3074 748 3129 venustate
777 3069 1051 3130 tractavit
1089 3076 1267 3150 atque
1305 3071 1419 3140 ita,
1473 3077 1541 3131 ut
1580 3087 1776 3149 neque
1815 3071 1983 3131 iocus
2022 3071 2430 3149 magnitudine
2471 3090 2683 3133 rerum

442 3151 859 3214 excluderetur
888 3171 1003 3215 nec
1030 3156 1287 3233 gravitas
1317 3154 1550 3216 facetiis
1579 3155 1986 3215 minueretur?
2016 3155 2172 3216 Ecce
2192 3163 2539 3235 praesentes
2561 3157 2682 3217 duo

435 3387 567 3439 chen
591 3386 820 3452 Lebens)
834 3424 849 3448 ,
894 3387 925 3456 S
964 3388 1078 3440 161.
1143 3390 1259 3441 Una
1274 3390 1510 3453 finyendi

434 3464 649 3574 §mg-tc.
675 3472 719 3508 s.
745 3457 855 3511 ind.
877 3455 1161 3508 Plastische
1184 3457 1425 3506 Kiiustler
1446 3474 1500 3508 u.

1605 3388 1775 3438 keiten
1804 3388 2332 3454 (Individualitaten),
2358 3392 2406 3441 ΙΙ
2430 3392 2514 3452 22,
2540 3401 2592 3442 92
2614 3393 2674 3443 ff.

1605 3456 1725 3508 Tac.
1754 3456 1874 3507 dial.
1900 3457 1965 3507 de
1990 3472 2062 3507 or.
2093 3457 2156 3507 18
2204 3474 2298 3509 nec
2333 3473 2523 3521 quaero
2559 3461 2680 3522 quis

1605 3521 2001 3585 disertissimum
2050 3524 2147 3574 hoc
2186 3526 2389 3575 interim
2422 3529 2683 3592 probasse

1603 3600 1869 3641 contentus
1893 3607 2037 3652 sum,
2086 3607 2189 3643 non
2224 3609 2339 3644 esse
2373 3610 2529 3645 unum
2565 3595 2676 3645 elo-

502 3609 615 3669 alii,
659 3609 730 3658 im
763 3608 1051 3674 Gegensatz
1086 3623 1152 3658 zu
1186 3607 1382 3670 denen,
1419 3608 1503 3658 die

433 3675 543 3725 Lob
591 3675 885 3726 verdienen.
953 3674 1224 3726 Vielleicht
1282 3675 1503 3726 standen

431 3743 556 3792 aber
578 3741 944 3807 urspriinglich
965 3740 1135 3793 hinter
1159 3752 1214 3794 ut
1239 3751 1344 3794 erst
1367 3741 1502 3793 noch

432 3810 516 3860 die
544 3810 724 3860 Worte
756 3811 849 3860 aliz·
876 3811 1149 3872 laudandi,
1199 3812 1283 3862 die
1326 3814 1502 3877 spiter

430 3893 524 3928 aus
546 3876 814 3928 Verseben
836 3878 1103 3932 ausfleleu.

496 3971 566 4012 27.
621 3963 867 4027 proxima
912 3963 1174 4028 cognatio,
1223 3963 1247 4011 Ι
1286 3959 1376 4026 16,
1428 3971 1497 4012 70.

432 4045 580 4094 quam
600 4030 706 4079 sint
730 4037 844 4093 etc„
869 4030 1032 4085 s.ind.
1053 4030 1232 4109 tragici
1256 4037 1473 4081 veteres.

499 4135 568 4178 2⁸.
602 4130 775 4180 studia
796 4135 850 4179 et
871 4136 1101 4189 naturas,
1126 4131 1211 4180 die
1232 4128 1496 4181 verschie-

428 4193 597 4243 denen
622 4194 944 4261 Riehtung‘en
967 4198 1075 4247 und
1095 4195 1492 4261 Eigentumlich-

1605 3659 1844 3720 quentiae
1884 3661 2108 3721 vultum,
2144 3660 2237 3711 sed
2263 3662 2314 3711 in
2339 3661 2438 3712 illis
2465 3677 2678 3727 quoque

1603 3739 1732 3789 qnos
1768 3728 1963 3777 voeatis
1997 3729 2234 3791 antiquos
2266 3729 2442 3794 plures
2468 3731 2677 3797 species

1603 3793 1915 3859 deprehendi
1949 3809 2042 3844 nec
2075 3796 2247 3846 statim
2279 3798 2504 3848 deterius
2530 3812 2682 3859 esso,

1604 3861 1741 3924 quod
1766 3862 2026 3912 diversum
2052 3870 2145 3913 est.

1669 3930 1773 3979 πίει·
1789 3931 1874 3979 sui
1891 3931 2091 3989 mitta,
2127 3930 2269 3983 Brut.
2293 3929 2387 3992 82,
2412 3940 2490 3982 285
2536 3932 2675 3983 Nam

1602 3996 1724 4058 quid
1772 4003 1849 4046 est
1894 4005 1996 4047 tam
2045 3999 2321 4058 dissimile,
2371 4014 2525 4061 quam
2565 3999 2674 4049 De-

1598 4061 1891 4114 mosthenes
1917 4073 1968 4115 et
1991 4065 2210 4130 Lysias?
2243 4081 2398 4130 quam
2422 4067 2591 4117 eidem
2613 4074 2673 4117 et

1599 4130 1916 4196 Hyperides?
1997 4148 2152 4197 quam
2202 4133 2384 4185 horum
2430 4135 2672 4185 omnium

1597 4197 1918 4250 Aeschines?
