2930 4693
256 596 303 669 4
325 607 389 661 13
429 598 575 661 Mihi
601 597 867 678 quidem,
910 597 1125 669 Quinte
1155 595 1367 669 frater,
1412 602 1473 655 et
1501 611 1708 657 eorum
1738 612 1937 666 casus,
1990 594 2062 656 de

316 1033 385 1085 14

312 1626 381 1679 15

311 2213 379 2267 16

424 179 554 245 230
1038 171 1137 235 m:
1178 168 1532 235 ORATORE
1570 170 1650 235 111
1689 170 1749 234 4.
1798 175 2029 235 13-16.

429 353 548 408 tate
577 344 785 415 mortis
808 342 1173 411 vindicasset,
1205 340 1411 403 eadem
1440 358 1571 402 esse
1600 347 1661 402 te
1690 340 1968 403 funerum
1997 341 2222 421 patriae
2253 348 2661 423 spectatorem

428 430 750 509 coegissem
808 445 1002 508 neque
1052 425 1243 487 solum
1286 424 1393 487 tibi
1433 423 1845 504 improborum
1896 425 2258 499 dominatae,
2312 425 2422 488 sed
2472 429 2656 493 etiam

426 521 671 595 propter
701 512 1018 575 admixtam
1047 511 1261 572 civium
1291 509 1533 585 caedem
1561 508 1857 575 bonorum
1881 511 2403 676 victoriaqffiaerori
2423 511 2654 575 fuisset.

2172 596 2186 610 ‘
2234 615 2306 657 us
2335 604 2474 657 ante
2505 597 2648 668 dixi,

431 692 491 745 et
519 701 621 755 ea,
707 699 816 744 uae
856 687 1088 743 nosmet
1113 679 1227 760 ipsi
1258 678 1333 740 ob
1363 696 1630 741 amorem
1656 680 1719 741 in
1749 698 1880 741 rem
1907 678 2205 758 publicam
2234 680 2654 745 incredibilem

429 775 489 829 et
517 768 648 849 sing
712 784 874 828 arem
903 762 1255 846 pertulimus
1284 781 1353 824 ac
1381 765 1691 835 sensimus,
1715 764 1995 844 cogitanti
2025 766 2315 827 sententia
2344 784 2524 847 saepe
2554 774 2656 829 tua

428 870 567 915 vera
595 871 666 913 ac
694 852 928 931 sapiens
957 848 1109 912 videi
1136 847 1338 919 rsolet‚
1369 849 1472 929 qui
1499 856 1746 929 propter
1766 856 1871 918 tot,
1903 856 2099 912 tantos
2122 857 2239 911 tam
2261 852 2651 932 praecipites·

429 955 545 1018 que
593 955 764 998 casus
805 934 1265 996 clarissimorum
1307 933 1616 995 hominum
1657 934 2231 1015 atque-'optimorum
2258 935 2524 996 virorum
2552 954 2655 996 me

426 1038 665 1102 semper
694 1019 769 1082 ab
800 1020 963 1081 omni
986 1019 1363 1080 contentione
1385 1036 1454 1079 ac
1477 1018 1851 1081 dimicatione
1875 1020 2180 1081 revocasti.
2228 1019 2343 1082 Sed
2368 1020 2652 1100 quoniam

429 1107 579 1167 haec
622 1106 741 1167 iam
793 1121 986 1184 neque
1032 1104 1096 1163 in
1135 1102 1368 1181 integro
1411 1101 1585 1165 nobis
1626 1121 1754 1165 esse
1793 1111 2040 1184 possunt
2083 1112 2143 1165 et
2168 1105 2385 1165 summi
2413 1103 2654 1166 labores

429 1191 618 1252 nostri
645 1207 859 1268 magna
889 1188 1252 1267 compensati
1279 1185 1463 1265 gloria
1495 1189 1866 1267 mitigantur,
1909 1205 2225 1269 pergamus
2265 1188 2339 1250 ad
2385 1207 2456 1250 ea
2497 1188 2652 1251 sola-

429 1276 549 1345 cia,
581 1292 731 1355 quae
761 1291 882 1335 non
909 1272 1088 1334 modo
1117 1271 1333 1333 sedatis
1362 1270 1649 1334 molestiis
1677 1271 1962 1343 iucunda,
2005 1273 2110 1337 sed
2141 1274 2316 1337 etiam
2346 1274 2651 1334 haerenti-

426 1358 539 1421 bus
567 1358 846 1420 salutaria
873 1356 1045 1419 nobis
1076 1375 1204 1418 esse
1234 1363 1509 1436 possum
1545 1374 1999 1439 sermonemque
2028 1358 2095 1420 L.
2127 1358 2321 1420 Crassi
2348 1357 2654 1438 reliquum

427 1461 496 1504 ac
523 1462 713 1524 paene
750 1451 1118 1524 postremum
1147 1441 1469 1503 memoriae
1509 1441 1861 1521 prodamuS‚
1912 1450 2086 1523 atque
2128 1444 2214 1512 ei,
2268 1444 2379 1504 etsi
2420 1461 2649 1522 nequa-

426 1546 604 1609 quam
638 1546 846 1609 parem
883 1525 1042 1589 illius
1080 1526 1351 1605 ingenio,
1403 1533 1463 1588 at
1502 1545 1613 1607 pro
1656 1534 1861 1588 nostro
1908 1535 2107 1589 tamen
2150 1527 2343 1590 studio
2373 1529 2654 1589 meritam

425 1613 675 1692 gratiam
720 1612 1096 1691 debitamque
1125 1609 1471 1672 referamuS.
1558 1611 1763 1690 Neque
1804 1611 1962 1672 enim
2002 1612 2316 1692 quisquam
2357 1619 2652 1682 nostrum,

428 1716 564 1760 cum
592 1696 778 1759 libros
805 1697 1068 1758 Platonis
1109 1694 1459 1757 mirabiliter
1494 1697 1747 1776 scriptos
1787 1694 1958 1775 legit,
2010 1698 2075 1757 in
2117 1696 2331 1777 quibus
2373 1696 2655 1757 omnibus

427 1782 556 1844 fere
587 1783 861 1844 Socrates
891 1781 1266 1860 exprimitur,
1311 1798 1428 1841 non
1448 1826 1464 1849 ,
1509 1798 1864 1861 quamquam
1893 1779 1993 1841 illa
2023 1782 2239 1861 scripta
2271 1788 2412 1843 sunt
2438 1781 2651 1842 divini-

424 1873 548 1937 tuS,
579 1875 777 1928 tamen
806 1868 994 1928 maius
1023 1863 1301 1945 quiddam
1331 1864 1404 1925 de
1433 1862 1563 1936 illo,
1597 1864 1669 1926 de
1700 1883 1816 1944 quo
1847 1867 2066 1945 scripta
2097 1876 2262 1936 sunt,
2293 1867 2650 1945 suspicatur.

427 1951 597 2022 Quod
627 1952 770 2012 item
792 1968 901 2010 nos
929 1947 1294 2029 postulamus
1316 1967 1437 2010 non
1461 1966 1493 2009 a
1516 1957 1574 2011 te
1597 1949 1854 2031 quidem,
1888 1951 1987 2029 qui
2010 1948 2179 2011 nobis
2198 1952 2398 2011 omnia
2418 1968 2653 2013 summa

423 2034 665 2104 tribuiS,
711 2034 816 2096 sed
845 2052 880 2094 a
911 2035 1153 2102 ceteriS‚
1197 2033 1296 2111 qui
1336 2034 1483 2094 haec
1522 2035 1585 2094 in
1615 2052 1826 2096 manus
1857 2042 2120 2104 sument,
2164 2035 2354 2097 maius
2379 2044 2450 2097 ut
2474 2034 2649 2114 quid-

424 2119 560 2181 dam
591 2120 665 2181 de
686 2119 753 2180 L.
778 2119 1007 2188 Crasse,
1039 2135 1216 2199 quam
1250 2125 1534 2196 quantum
1564 2137 1596 2179 a
1629 2119 1801 2181 nobis
1832 2120 2215 2199 exprimetur,
2248 2121 2647 2199 suspicentur.

420 2204 542 2266 Nos
572 2206 761 2274 enim,
803 2205 906 2284 qui
941 2204 1055 2283 ipsi
1097 2204 1361 2263 sermoni
1392 2220 1512 2263 non
1541 2204 2013 2265 interfuissemus
2046 2213 2107 2265 et
2137 2203 2353 2284 quibus
2382 2204 2444 2266 C.
2477 2204 2652 2267 Cotta

425 2283 829 2352 tantummodo
858 2287 1021 2351 locos
1050 2305 1118 2349 ac
1150 2289 1472 2350 sententias
1500 2287 1675 2351 huius
1705 2288 2114 2371 disputationis
2141 2287 2494 2359 tradidisset,
2527 2307 2652 2369 quo

421 2377 486 2436 in
516 2392 736 2454 genere
779 2375 1063 2435 orationis
1106 2380 1423 2453 utrumque
1463 2382 1763 2435 oratorem
1802 2391 2293 2454 cognoveramus,
2345 2374 2407 2435 id
2449 2375 2647 2454 ipsum

492 2570 559 2613 12.
603 2561 959 2626 improborum,
1011 2560 1101 2610 der
1134 2560 1359 2624 Hiupter
1392 2557 1482 2609 der

422 2629 740 2679 Demokrstie
763 2630 994 2692 (MariuS,
1016 2626 1217 2688 Cinna).
1241 2626 1483 2678 bonorum

421 2699 659 2755 victoria,
686 2698 777 2746 der
799 2696 1082 2762 Optimaten
1109 2693 1326 2760 (suna).

489 2766 551 2823 4,
589 2774 654 2818 13.
691 2765 1008 2829 nosmetipsi
1038 2790 1103 2800 -
1136 2764 1189 2812 in
1217 2762 1367 2827 Folge
1391 2762 1483 2811 der

423 2832 826 2882 catilinarischen
835 2831 1243 2895 Verschworung
1261 2845 1310 2879 u.
1324 2830 1482 2880 deren

423 2899 804 2949 Unterdrfickun
856 2934 870 2958 ‚
916 2913 1003 2948 um
1044 2897 1384 2949 derentwillen
1423 2897 1480 2948 C.

423 2966 565 3016 nicht
588 2982 683 3017 nur
705 2966 787 3015 die
809 2914 1001 3015 {eiden
1027 2965 1117 3016 des
1141 2965 1283 3015 Exils
1310 2980 1373 3014 zu
1399 2979 1477 3013 er·

422 3046 625 3099 tragen,
674 3034 895 3084 sondern
935 3031 1064 3081 auch
1101 3030 1232 3081 noch
1262 3031 1480 3081 manche

422 3103 611 3153 andere
668 3098 1031 3152 schmerzliche
1076 3097 1366 3164 Erfahrung
1414 3115 1481 3149 zu

421 3168 632 3220 macheu
659 3168 815 3219 hatte.

490 3238 554 3289 ab
579 3239 711 3290 omni
730 3237 1048 3289 contentione
1066 3250 1130 3285 ac
1145 3235 1480 3293 dimicatione,

419 3320 522 3370 von
539 3306 669 3356 allen
691 3305 791 3371 pol
806 3306 878 3354 iti
891 3319 955 3355 sc
968 3303 1002 3353 h
1014 3318 1084 3354 eu
1097 3302 1482 3366 Bestrebungen

422 3375 528 3425 und
552 3372 817 3440 Kampfen.

489 3451 556 3496 14.
592 3442 941 3500 haerentibus,
967 3439 1098 3489 Eiul.
1126 3440 1147 3489 1
1170 3440 1202 3500 S
1225 3439 1258 3488 2
1284 3438 1390 3487 und
1412 3438 1481 3487 22

419 3526 469 3561 a.
493 3511 552 3560 Ε.

483 3593 586 3643 pro
617 3583 794 3629 nostro
825 3578 1022 3637 studia,
1049 3573 1178 3623 nach
1211 3574 1483 3639 Massgabe

420 3646 613 3696 meiner
636 3643 934 3708 Verehrung
959 3643 1065 3692 und
1087 3642 1259 3691 Liebe.

489 3722 556 3764 15.
590 3712 768 3779 Neque
791 3713 922 3761 enim
939 3737 1004 3748 -
1025 3726 1115 3760 zur
1139 3709 1482 3774 Begriindung

419 3796 518 3832 von
544 3794 862 3843 nequaqnam
891 3793 1062 3843 parem
1094 3777 1230 3827 illius
1255 3778 1477 3842 ingenio.

418 3849 679 3917 Platonis,
706 3847 837 3897 Einl.
868 3848 884 3895 1
912 3842 943 3911 S
967 3844 1049 3904 20,
1079 3853 1170 3894 199.

482 3919 799 3981 postulamus
840 3930 940 3965 non
983 3929 1015 3962 a
1051 3920 1099 3962 te
1143 3913 1361 3978 quidem,
1410 3911 1478 3960 du

418 3983 604 4034 findest
627 3983 923 4046 alles‚,was
947 3980 1029 4030 ich
1053 3980 1311 4039 schreibe,
1347 3980 1478 4028 voll-

420 4052 687 4109 kommen3
714 4052 794 4099 dir
816 4050 925 4100 also
950 4056 1289 4109 zuzumuten,
1316 4048 1478 4096 meiut

421 4117 525 4167 cic.
538 4118 610 4166 im
622 4114 826 4175 Scherz,
845 4118 966 4166 dass
985 4117 1056 4166 du
1072 4117 1291 4180 glauben
1309 4112 1476 4173 sollu,

418 4183 505 4233 die
562 4185 938 4247 gegenwirtige
989 4182 1327 4246 Schilderung
1384 4180 1476 4231 des

1587 2558 1800 2610 Crassus
1833 2560 1909 2609 sei
1943 2559 2080 2609 nicht
2102 2559 2472 2619 vollkommen,
2521 2574 2650 2610 son-

1584 2626 1707 2676 dern
1735 2627 1863 2677 noch
1899 2628 2017 2676 weit
2047 2627 2217 2677 hinter
2252 2628 2343 2677 der
2365 2626 2652 2677 Wirklich-

1584 2696 1688 2744 keit
1715 2695 2189 2761 zuriickgeblieben,
2215 2697 2349 2744 ware
2374 2694 2506 2744 doch
2530 2710 2653 2745 ver·-

1582 2760 1799 2827 geblich.

1653 2855 1717 2898 16.
1755 2848 1844 2912 qui
1872 2872 1937 2882 -
1971 2846 2399 2910 interfuissemus,
2437 2844 2652 2898 Schultz

1584 2914 1618 2977 S
1643 2911 1760 2965 374.
1793 2957 1802 2962 ,

1650 3002 1804 3060 locos,
1833 2998 1917 3048 die
1926 2998 2308 3063 Hauptpunkte‚
2329 2998 2412 3048 die
2428 2999 2649 3064 Kapitel,

1583 3068 1709 3117 iiber
1729 3066 1922 3115 welche
1945 3064 2267 3131 gesprochen
2292 3066 2500 3118 worden
2522 3067 2612 3118 ist.

1648 3153 1950 3208 sententias,
1984 3149 2075 3199 der
2099 3150 2534 3216 Gedankengang.

1651 3251 1748 3302 quo
1780 3237 1832 3284 in
1864 3249 2053 3299 genere
2087 3247 2507 3298 coqnoverams,
2561 3235 2649 3286 die

1582 3302 1909 3353 rednerische
1954 3301 2434 3366 Eigentiimlichkeit
2501 3303 2646 3353 eines

1579 3370 1734 3434 jeden
1760 3371 1850 3420 der
1875 3370 2052 3420 beiden
2072 3369 2482 3437 Hauptsprecher
2504 3368 2648 3420 hatte

1586 3438 1686 3491 Cic.
1721 3437 1893 3487 l'rfiher
1927 3452 2019 3488 aus
2053 3437 2246 3487 andern
2282 3437 2493 3498 Quellen
2537 3437 2646 3487 und

1585 3521 1718 3556 zwar
1740 3504 2007 3571 grundlich
2022 3542 2038 3567 ,
2070 3503 2210 3556 nicht
2234 3504 2362 3556 nach
2381 3505 2472 3555 der
2495 3506 2646 3555 ober-

1584 3571 1883 3624 ssfichlichen
1926 3571 2139 3623 Ansicht
2184 3573 2276 3624 des
2323 3574 2645 3636 Publikums‚

1584 3643 1658 3692 sei
1684 3657 1738 3691 es
1757 3639 1886 3691 noch
1904 3655 1997 3690 aus
2018 3640 2132 3690 dem
2149 3639 2502 3706 persdnlichen
2522 3639 2644 3692 Um-

1584 3725 1719 3774 gang
1743 3709 1865 3759 oder
1887 3723 1979 3758 aus
2005 3707 2103 3758 den
2129 3706 2531 3774 Schilderungen
2555 3725 2641 3758 ur·

1582 3775 1896 3842 teilsffihiger
1919 3777 2129 3826 Manner
2153 3777 2276 3828 oder
2298 3776 2428 3827 auch
2450 3777 2643 3841 wenig-

1581 3854 1721 3894 stens
1743 3859 1857 3895 zum
1876 3841 2016 3894 Theil
2036 3843 2139 3894 und
2163 3844 2214 3894 in
2233 3842 2531 3910 Beziehung
2553 3843 2650 3896 aut·

1583 3913 1796 3963 Crassus
1832 3926 1924 3961 aus
1954 3910 2358 3962 hinterlasseneu
2383 3910 2642 3962 Schriften

1579 3981 1780 4030 kennen
1823 3979 2019 4044 gelernt
2060 3981 2168 4030 und
2209 3979 2428 4029 darnach
2464 3979 2553 4028 hat
2587 3995 2647 4029 er

1579 4049 1703 4098 eben
1730 4048 1829 4098 den
1853 4045 2214 4097 reduerischen
2234 4046 2510 4097 Charakter
2534 4047 2639 4097 bei·

1579 4116 1671 4164 der
1694 4115 1805 4164 hier
1833 4131 1896 4165 zu
1934 4114 2177 4180 seichnen
2212 4115 2481 4179 vei-sucht,
2515 4113 2642 4165 frei-

1576 4182 1674 4232 lich
1697 4181 1834 4232 nicht
1847 4182 1976 4232 nach
1993 4183 2085 4233 der
2101 4181 2503 4248 gewdbnlichem
2519 4183 2648 4232 aber
