2930 4693
827 228 927 292 m:
973 224 1332 293 ORATORE
1371 228 1454 292 111
1496 228 1601 291 45.
1648 235 1953 291 ιτς-ιτα.
2378 233 2504 299 291

269 408 448 460 causa
461 444 477 467 ,
521 396 1020 478 quemadmodum
1059 397 1270 460 scribit
1310 396 1635 479 discipulus
1673 400 1801 461 eius
1841 397 2166 461 Naucrates
2179 446 2196 470 ,
2239 400 2508 464 numeris

268 482 644 562 astringeret.
711 481 980 563 Namque
1020 483 1171 545 haec
1212 482 1330 544 duo
1358 484 1602 556 musici,
1646 485 1748 565 qui
1778 488 1950 545 erant
1979 483 2280 565 quondam
2310 485 2507 547 eidem
2536 490 2640 545 174

266 573 501 648 poetae,
532 566 855 629 machinati
884 566 959 629 ad
987 567 1346 650 voluptatem
1375 575 1516 629 sunt
1531 568 1552 640 ,“
1576 586 1816 630 versum
1846 575 2022 649 atque
2052 576 2321 640 cantum,
2351 577 2424 656 ut
2448 578 2510 631 et

266 650 589 713 verborum
632 666 883 714 numero
924 659 984 713 et
1021 669 1238 715 vocum
1275 652 1456 714 modo
1499 651 1888 715 delectatione
1928 654 2236 715 vincerent
2275 655 2507 717 aurium

266 732 620 799 satietatem.
672 736 834 798 Haec
861 737 1043 819 igitur
1072 738 1208 809 duo,
1239 738 1399 799 vocis
1430 735 1564 798 dico
1594 736 2065 799 moderationem
2097 745 2158 799 et
2184 737 2506 800 verborum

266 819 711 884 conclusionem
725 868 743 893 ,
786 821 981 903 quoad
1023 823 1308 884 orationis
1345 823 1631 884 severitas
1673 824 1796 903 pati
1823 829 2051 903 posset,
2095 840 2129 884 a
2168 824 2404 904 poetica
2432 822 2508 885 ad

265 905 668 988 eloquentiam
696 905 1065 969 traducenda
1094 907 1410 969 duxerunt.
1468 906 1538 969 ln
1568 925 1685 988 quo
1723 905 1871 968 illud
1913 914 2004 968 est
2020 906 2133 968 ‘vel
2159 909 2503 979 maximum,
2539 920 2640 976 175

264 990 426 1071 quod
455 1006 661 1052 versus
688 992 754 1053 in
782 993 1052 1054 oratione
1081 994 1134 1053 si
1162 991 1417 1053 efficitur
1455 993 1876 1054 coniunctione
1905 990 2255 1064 verborum,
2302 993 2506 1054 vitium

263 1083 377 1148 est,
410 1082 470 1136 et
495 1082 696 1137 tamen
726 1093 858 1137 eam
888 1078 1367 1138 coniunctionem
1397 1077 1573 1138 sicuti
1600 1095 1837 1138 versum
1860 1093 2179 1140 numerose
2202 1076 2418 1139 cadere
2447 1084 2508 1138 et

262 1158 563 1240 quadrare
603 1167 665 1221 et
701 1161 910 1246 perfici
952 1160 1238 1224 volumus.
1318 1161 1525 1241 Neque
1567 1171 1658 1223 est
1699 1179 1772 1223 ex
1800 1160 2002 1223 multis
2042 1178 2143 1224 res
2172 1179 2320 1234 una,
2351 1176 2506 1242 quae

263 1246 459 1324 magis
498 1250 799 1307 oratorem
840 1244 916 1307 ab
957 1247 1251 1326 imperito*
1278 1245 1516 1307 dicendi
1556 1247 1886 1326 ignaroque
1929 1246 2282 1326 distinguat,
2327 1264 2508 1327 quam

264 1328 427 1409 quod
453 1326 556 1390 me
584 1328 753 1392 rudis
778 1330 1081 1392 incondite
1110 1331 1304 1392 fundit
1342 1337 1631 1410 quantum
1670 1337 1867 1411 potest
1906 1338 1966 1392 et
2004 1330 2096 1403 id,
2140 1329 2300 1412 quod
2344 1331 2505 1402 dicit,

260 1415 478 1494 spiritu
493 1462 509 1485 ,
551 1429 675 1475 non
715 1423 843 1476 arte
888 1414 1271 1486 determinat,
1325 1421 1529 1476 orator
1570 1421 1771 1477 antem
1814 1415 1902 1476 sic
1929 1414 2120 1494 illigat
2147 1416 2506 1477 sententiam

262 1497 490 1571 verbis,
535 1505 603 1560 ut
642 1514 774 1561 eam
805 1518 1055 1562 numero
1085 1499 1341 1581 quodam
1373 1498 1805 1580 complectatur
1834 1505 1896 1560 et
1924 1501 2165 1561 astricto
2199 1508 2260 1560 et
2287 1499 2502 1562 soluto.

261 1582 417 1645 Nam
447 1601 582 1646 cum
614 1584 798 1645 vinxit
823 1585 1017 1647 modis
1046 1592 1109 1646 et
1135 1583 1344 1654 forma,
1377 1581 1604 1645 relaxat
1633 1590 1692 1645 et
1719 1582 1934 1645 liberat
1961 1584 2372 1646 immutatione
2402 1601 2502 1645 or·
2535 1596 2640 1651 17⁶

261 1666 422 1729 dinis
436 1716 452 1738 ,
497 1674 565 1729 ut
605 1667 787 1730 verba
825 1684 1020 1750 neque
1061 1667 1314 1747 adligata
1353 1668 1475 1729 sint
1516 1668 1683 1748 quasi
1714 1675 1875 1730 certa
1907 1666 2102 1748 aliqua
2132 1667 2265 1748 lege
2295 1685 2504 1730 versus

261 1769 461 1834 neque
487 1754 570 1814 ita
600 1751 791 1816 soluta
806 1800 822 1823 ,
853 1761 922 1815 ut
949 1759 1255 1833 vagentur.

435 1837 705 1909 Quonam
734 1838 917 1916 igitur
944 1837 1122 1899 modo
1150 1844 1380 1899 tantum
1409 1856 1628 1899 munus
1655 1838 2014 1908 insistemus,
2044 1845 2111 1899 ut
2140 1835 2502 1899 arbitremur
2542 1838 2633 1914 45

256 1938 376 1983 nos
403 1919 560 1981 hanc
587 1921 705 1981 vim
734 1934 1053 1984 numerose
1083 1922 1320 1983 dicendi
1348 1924 1633 2004 consequi
1662 1923 1873 2003 posse?
1943 1921 2076 1984 Non
2119 1930 2210 1984 est
2248 1936 2349 1984 res
2377 1929 2500 1984 tam

332 2147 425 2192 174.
483 2140 714 2207 Namque
758 2166 829 2177 -
882 2141 998 2191 eine
1042 2154 1324 2208 vorausge·

258 2206 493 2258 schickte
516 2206 868 2274 Bemerkung,
916 2223 1003 2259 um
1038 2208 1132 2260 das
1168 2209 1325 2273 nach·⁸

259 2275 504 2342 folgende
526 2286 558 2325 a
580 2277 778 2344 poetica
804 2292 866 2325 zu
894 2277 1143 2328 erkldren.

329 2360 501 2396 vocum
517 2346 683 2397 modo.
715 2342 844 2395 Was
863 2343 946 2395 fiir
957 2344 1053 2397 deu
1064 2361 1158 2396 aus
1169 2344 1328 2396 Wor-

259 2419 349 2463 ten
382 2410 726 2463 bestehenden
755 2411 891 2462 Vera
922 2413 1195 2463 verborum
1228 2428 1329 2463 nu·

261 2494 436 2530 merua
458 2479 554 2545 ist,
592 2481 686 2531 das
710 2480 778 2530 ist
801 2480 884 2531 fin·
906 2479 1007 2530 deu
1031 2493 1126 2531 aua
1151 2482 1329 2532 'rouen

1427 2136 1541 2209 μὸν
1564 2140 1667 2195 δεῖ·
1684 2136 1719 2195 ἔ
1752 2156 1839 2193 ειν
1861 2136 1963 2195 τὸν
1987 2135 2174 2208 λόγον,
2198 2136 2408 2207 μέτρον
2430 2136 2500 2194 δὲ

1427 2203 1524 2277 μή.
1574 2207 1685 2276 (Or.
1752 2209 1797 2269 1,
1834 2218 1909 2260 172
1955 2208 2257 2260 Aristotelea
2290 2224 2501 2260 versum

1428 2278 1733 2408 ibnetoijatione
1764 2285 1904 2327 vetat
1937 2289 2082 2342 esse,
2119 2290 2391 2327 numerum
2415 2277 2498 2326 iu-

1432 2411 2171 2531 vogquarvthssiffiggquifn
2189 2410 2497 2532 (muloti-’aaz

259 2547 613 2599 bestebeuden
645 2545 852 2613 Gesang
895 2562 1081 2598 vocum
1125 2548 1329 2612 modus,

261 2615 394 2665 Takt
417 2615 525 2666 und
546 2615 782 2666 Melodie.

331 2684 753 2735 deleetation'e—
769 2680 929 2733 durch
954 2681 1053 2733 den
1073 2682 1125 2732 in
1144 2675 1330 2733 beiden

258 2749 475 2811 Mitteln,
511 2750 630 2801 dem
651 2752 925 2801 verborum
951 2764 1194 2800 numerus
1219 2749 1329 2801 und

257 2829 447 2868 vocum
470 2818 626 2869 modo
658 2818 929 2883 liegenden
952 2817 1079 2868 Reiz
1104 2817 1196 2868 der
1219 2818 1327 2869 Ab·

258 2884 603 2952 wecbaelung.

326 2958 466 3006 nocte
486 2955 897 3014 moderationem,
924 2952 1007 3003 die
1027 2952 1326 3003 111111ωὸεεί-

257 3036 356 3139 fe,
389 3019 702 3072 melodische
723 3019 1031 3087 Gestaltung
1048 3021 1142 3072 dea
1168 3019 1327 3087 Sing-

282 3098 427 3140 antee
543 3089 801 3140 odulation
830 3087 920 3141 der
944 3087 1182 3147 Stimme,
1217 3087 1324 3139 Na·

258 3155 472 3223 gelsbac
525 3155 634 3208 Lat.
657 3156 768 3209 Stil.
795 3154 828 3220 S
849 3154 935 3220 46,
963 3156 1026 3220 1).
1062 3156 1329 3209 verborum

256 3226 465 3343 exnteltcsh¹
465 3225 644 3284 ionem,
656 3225 756 3275 deu
772 3223 1158 3290 rhythmiachen
1166 3224 1325 3275 Vers-

265 3308 324 3343 sc
383 3307 487 3345 uss.
998 3321 1004 3328 ·

329 3361 606 3422 orationis,
669 3360 761 3410 des
808 3358 1140 3425 prosaischen
1189 3357 1326 3409 Aus-

258 3427 453 3479 drucks
477 3424 509 3495 S
535 3425 650 3489 153,
678 3425 793 3478 192.

330 3504 427 3546 175.
453 3497 592 3562 quod
611 3510 789 3546 versus
812 3494 879 3544 ist
903 3494 1019 3544 dem
1044 3492 1325 3544 Gedanlten

259 3561 396 3614 nach
419 3564 784 3614 subordiuiert:
820 3562 971 3612 dabei
1001 3562 1070 3612 ist
1094 3576 1150 3612 es
1172 3561 1326 3612 iiber·

258 3646 360 3683 aus
385 3630 753 3695 merkwiirdig‚
790 3630 940 3690 dass,
974 3625 1218 3680 wabreud
1244 3629 1327 3679 ein

258 3697 555 3751 formlicher
571 3698 703 3748 Vers
727 3698 781 3747 in
805 3698 896 3748 der
912 3697 1071 3748 Prosa
1090 3697 1174 3747 ein
1194 3695 1326 3750 Feb·

262 3767 371 3830 ler‚
397 3763 631 3817 dennoch
656 3774 751 3817 etc.

330 3835 516 3894 vitium,
544 3833 629 3885 Or.
654 3833 739 3896 57,
768 3841 842 3884 194
865 3847 1071 3883 versum
1095 3831 1325 3899 fugimus

262 3902 319 3952 in
352 3902 583 3954 oratione
615 3927 685 3937 --
717 3900 858 3952 allud
900 3902 1036 3950 enim
1080 3900 1327 3964 quiddam

260 3978 346 4020 eat
387 3969 579 4031 oratio,
602 3965 605 3974 '
626 3982 723 4018 nec
759 3967 1036 4032 quidquam
1068 3967 1328 4018 inimicius

262 4049 421 4101 qnam
443 4036 529 4087 illa
544 4036 801 4087 versibus.
834 4036 963 4087 ibid.
990 4034 1074 4096 56,
1100 4044 1177 4086 18⁹
1209 4050 1327 4085 ver-

260 4117 356 4156 sus
380 4118 536 4172 saepe
568 4104 623 4154 iu
657 4104 882 4154 oratione
905 4118 999 4169 per
1027 4103 1325 4169 impruden-

259 4174 386 4223 tiam
421 4172 668 4235 «ficimus,
717 4170 857 4236 quod
890 4170 1215 4222 vehementer
1247 4177 1327 4221 eat

259 4240 524 4302 vitiosum,
551 4238 681 4291 nach
701 4239 854 4291 Arist.
873 4238 1005 4290 rhet.
1027 4239 1099 4290 111
1120 4237 1155 4289 8
1179 4230 1329 4304 &vste

1432 2546 1826 2598 Architektonik
1859 2549 2165 2613 fibertragen
2196 2548 2266 2597 ist
2278 2563 2308 2628 ².
2327 2561 2497 2613 genau

1432 2613 2499 2747 ἒίἷῦέἶοῗιῖἓὴίῖῗῗὲἔὲηὲῗἱῖἒᾱίῗῗέἶ

1428 2748 1498 2801 58
1541 2758 1615 2802 197
1661 2750 1739 2800 sic
1771 2750 1981 2799 minime
2009 2750 2498 2803 animadverteretur

1430 2789 1780 2869 delectationis
1799 2818 2079 2884 aucupium
2099 2826 2148 2869 et
2166 2818 2498 2881 quadrandae

1429 2886 1678 2937 orationis
1700 2885 1971 2937 industria.

1480 2953 1684 3019 perfici,
1707 2955 1891 3005 sodass
1909 2953 2019 3005 also
2031 2953 2114 3005 die
2122 2952 2338 3005 Perinde
2356 2953 2497 3005 nicht

1426 3022 1681 3087 vorzeitig
1702 3021 1971 3073 abbreche.
2008 3021 2093 3074 Or.
2117 3020 2167 3082 5,
2192 3031 2244 3073 20
2268 3022 2496 3074 oratione

1429 3116 1495 3127 —-
1543 3104 1710 3155 neque
1754 3089 1980 3156 perfecta
2039 3105 2206 3155 neque
2250 3089 2495 3141 conclusa

1430 3155 1571 3221 (dem
1597 3158 1732 3208 daun
1770 3166 1962 3208 structa
1997 3164 2048 3207 et
2079 3156 2350 3207 terminata
2380 3166 2494 3207 eot-
2559 3181 2563 3189 ·

1433 3223 1782 3291 gegensteht).

1496 3307 1601 3343 una
1632 3292 1700 3341 ist
1732 3305 1818 3341 um
1852 3290 1944 3341 des
1975 3290 2268 3341 schirferen
2291 3289 2495 3356 Gegen·

1429 3369 1600 3409 satzes
1627 3374 1691 3409 zu
1717 3373 1780 3407 ex
1803 3358 1979 3408 multia
2004 3358 2169 3408 willen
2204 3358 2296 3408 der
2318 3358 2498 3408 Lesart

1429 3427 1538 3477 ulla
1560 3424 1922 3477 vorzuzieheu.

1507 3502 1561 3545 et
1581 3495 1795 3545 astricto
1821 3498 1874 3543 et
1893 3495 2090 3552 soluto,
2123 3492 2327 3554 beiden,
2352 3490 2496 3543 wih-

1428 3563 1557 3611 rend
1594 3562 1685 3612 der
1717 3559 1979 3627 poetische
2012 3574 2254 3610 numerus
2279 3575 2379 3610 nur
2400 3560 2496 3611 dae

1430 3626 1575 3689 eine,
1610 3627 1832 3679 ndmlicb
1854 3627 2122 3692 astrictus,
2146 3641 2214 3678 an
2238 3628 2336 3678 deu
2360 3627 2494 3679 Vera

1428 3696 1704 3764 gebunden
1729 3697 1813 3746 iat.

1500 3773 1591 3818 176.
1637 3765 1819 3815 vinoeit.
1862 3777 1935 3813 ac.
1964 3763 2286 3814 sententiam.
2332 3764 2496 3814 modis

1430 3838 1485 3883 ei
1502 3833 1691 3897 forma,
1715 3832 1748 3894 S
1774 3829 1889 3882 171.
1913 3833 2251 3883 immutatione
2275 3832 2491 3890 ordinis,

1428 3913 1535 3949 was
1558 3900 1631 3949 im
1653 3899 1783 3949 Vera
1810 3897 1950 3948 nicht
2036 3897 2109 3962 ht,
2132 3895 2164 3965 S
2193 3896 2308 3949 184.

1496 3965 1583 4017 45.
1618 3968 1903 4018 insistemus
1923 3981 1990 4032 ge
2028 3970 2106 4019 ort
2127 3965 2182 4016 iu
2203 3966 2376 4015 dieser
2397 3965 2493 4016 Be-

1429 4034 1661 4100 deutung
1681 4033 1827 4085 mehr
1850 4035 1966 4085 dem
1990 4034 2181 4084 alteren
2204 4031 2489 4101 Sprachge-

1428 4099 1621 4153 brauch
1655 4117 1738 4157 an.
1785 4102 1946 4151 Plaut.
1974 4100 2079 4152 Mil.
2141 4101 2232 4152 lor.
2258 4102 2324 4151 111
2361 4099 2414 4163 3,
2438 4110 2491 4153 ⁸5

1428 4170 1581 4235 agite,
1608 4170 1739 4220 intro
1763 4170 1899 4219 abite
1915 4207 1929 4234 ,
1963 4116 2185 4221 insistite
2206 4169 2305 4221 hoo
2329 4181 2490 4237 nego·

1425 4238 1557 4288 tium
1581 4237 1855 4305 sapienter.
