2930 4693
906 216 1005 279 DE
1035 215 1388 280 ORATORE
1416 216 1443 278 l
1474 216 1576 280 34.
1609 223 1914 281 152-154.
2425 220 2510 283 53

294 384 598 447 collocatio
651 385 1157 466 conformatioque
1210 386 1529 449 verborum
1557 386 1862 467 perficitur
1891 387 1956 446 in
1984 384 2330 457 scribendo,
2385 404 2507 447 non
2540 393 2638 444 152

291 472 541 551 poetico,
590 470 696 533 sed
737 471 990 552 quodam
1032 474 1291 535 oratorio
1332 490 1582 533 numero
1616 479 1674 534 et
1703 471 1900 532 modo.
1960 471 2119 532 Haec
2149 478 2312 542 sunt,
2359 490 2510 552 quae

292 555 580 618 clamores
628 563 687 617 01
727 556 1147 619 admirationes
1185 559 1249 619 in
1278 556 1450 619 bonis
1491 556 1827 619 oratoribus
1868 555 2157 626 efficiunt;
2203 575 2395 637 neque
2437 575 2510 618 ea

292 643 615 721 quisquam,
650 643 763 701 nisi
792 642 892 703 diu
922 643 1288 724 multumque
1317 644 1692 722 scriptitarit,
1735 643 1968 704 etiamsi
1996 642 2510 704 vehementissime

291 745 356 787 se
382 728 446 787 in
477 727 572 789 his
602 725 810 787 subitis
839 727 1193 790 dictionibus
1212 730 1566 799 exercuerit,
1599 735 2011 807 consequetur.
2070 727 2144 788 Et
2173 729 2274 806 qui
2302 745 2335 788 a
2365 728 2511 787 scri·

293 809 471 873 bendi
501 813 925 874 consuetudine
956 814 1030 875 ad
1060 813 1378 875 dicendum
1406 814 1584 885 venit,
1617 814 1770 875 hanc
1803 811 1997 874 adfert
2024 811 2393 883 facultatem,
2425 818 2508 882 ut,

294 899 469 958 etiam
500 896 694 959 subito
724 899 774 958 si
802 898 973 970 dicat,
1005 906 1205 961 tamen
1232 898 1361 969 illa,
1394 916 1545 979 quae
1576 898 1876 968 dicantur,
1909 896 2122 958 similia
2150 899 2511 977 scriptorum

292 1000 420 1042 esse
437 982 774 1052 videantur3
808 990 981 1064 atque
1005 987 1198 1055 etiam,
1232 986 1283 1046 si
1312 983 1547 1064 quando
1570 985 1634 1044 in
1658 982 1910 1045 dicendo
1933 985 2218 1063 scriptum
2249 980 2512 1043 attulerit

292 1067 537 1147 aliquid,
581 1086 715 1129 cum
762 1067 836 1129 ab
867 1087 938 1131 eo
970 1069 1338 1140 discesserit,
1381 1069 1609 1149 reliqua
1639 1068 1845 1130 similis
1876 1070 2062 1130 oratio
2094 1075 2506 1148 consequetur.

290 1152 367 1213 Ut
396 1154 689 1215 concitato
721 1155 977 1233 navigio,
1010 1173 1145 1216 cum
1176 1157 1432 1234 remiges
1461 1153 1875 1224 inhibuerunt,
1909 1156 2126 1216 retinet
2153 1161 2352 1214 tamen
2381 1154 2507 1232 ipsa
2539 1155 2638 1208 153

290 1238 453 1299 navis
471 1245 698 1299 motum
724 1245 783 1301 et
804 1257 1043 1301 cursum
1068 1259 1239 1302 suum
1265 1241 1602 1302 intermisso
1625 1242 1852 1320 impetu
1873 1238 2163 1319 pulsuque
2189 1256 2510 1308 remorum,

291 1324 376 1383 sic
404 1325 468 1384 in
497 1326 763 1385 oratione
791 1333 1077 1406 perpetua
1100 1373 1116 1397 ,
1163 1344 1297 1387 cum
1329 1327 1549 1405 scripta
1580 1325 1896 1396 deficiunt,
1928 1343 2134 1405 parem
2165 1331 2365 1385 tamen
2406 1322 2512 1384 ob-

213 1340 238 1477 n
299 1410 446 1469 tinet
474 1411 665 1470 oratio
697 1409 923 1490 reliqua
955 1429 1193 1472 cursum
1224 1412 1583 1491 scriptorum
1615 1409 1998 1471 similitudine
2030 1417 2089 1471 et
2116 1412 2172 1470 vi
2202 1410 2511 1470 concitata.

211 1473 356 1554 'ln
373 1494 681 1556 cotidianis
705 1502 900 1557 autem
924 1494 1520 1576 cerntationibus
1543 1495 1816 1575 equidem
1839 1486 2681 1559 mihiadulescentulus34154

289 1596 626 1659 proponere
655 1580 918 1643 solebam
947 1581 1109 1643 illam
1129 1582 1609 1643 exercitationem
1639 1581 1908 1651 maxime,
1945 1598 2058 1660 qua
2085 1580 2146 1641 C.
2163 1578 2512 1650 Carbonem,

291 1671 559 1726 nostrum
587 1663 755 1727 illum
784 1667 1118 1738 inimicum,
1161 1666 1399 1729 solitum
1429 1684 1558 1726 esse
1588 1667 1674 1727 uti
1703 1664 1992 1736 sciebam,
2025 1671 2092 1726 ut
2120 1673 2221 1725 aut
2249 1662 2515 1725 versibus

291 1751 611 1830 propositis
641 1769 815 1830 quam
848 1754 1104 1814 maxime
1134 1751 1409 1849 Qvibus
1439 1758 1542 1813 aut
1570 1752 1836 1812 oratione
1868 1749 2062 1830 aliqua
2089 1749 2243 1810 lecta
2273 1749 2343 1809 ad
2377 1767 2512 1809 eum

291 1836 525 1915 finem„
549 1854 725 1916 quem
770 1839 1057 1899 memoria
1096 1856 1332 1918 possem
1377 1835 1918 1917 comprehendere,
1972 1854 2101 1897 eam
2145 1852 2274 1895 rem
2303 1835 2511 1913 ipsam,

291 1937 467 1999 quam
502 1918 808 1999 legissem,
852 1922 1048 1984 verbis
1082 1922 1211 1984 aliis
1250 1941 1428 2004 quam
1469 1924 1723 1984 maxime
1764 1909 2002 2001 possem'
2041 1919 2210 1982 lectis
2248 1936 2513 2000 pronun-

358 2161 588 2210 oratort’o
621 2176 826 2211 numero
857 2167 909 2211 et
939 2162 1114 2225 modo,
1157 2161 1228 2211 111
1260 2159 1348 2225 43,

291 2236 364 2276 171
389 2227 442 2277 ff.
499 2243 732 2279 numerus
764 2228 853 2278 der
886 2236 1011 2279 orat.
1045 2228 1348 2293 Rhythmus,

290 2296 506 2362 Hebung
538 2312 588 2346 u.
616 2295 863 2362 Senkung
886 2297 976 2348 der
1000 2298 1351 2364 kunstmiissig

288 2365 1125 2429 geordnetenWiirterundReihen
1137 2365 1346 2431 (Takt);

289 2435 464 2483 modus
494 2433 774 2498 gleichsam
799 2435 891 2484 das
915 2434 1106 2500 Tempo
1132 2435 1239 2485 und
1266 2435 1349 2485 die

291 2501 574 2551 Tonstarke
596 2500 886 2568 (Melodie).

358 2595 449 2636 152.
489 2589 759 2649 clamores,
792 2586 1006 2637 Beifall-
1044 2587 1128 2637 od.
1162 2587 1352 2638 Bravo-

288 2654 454 2703 rufen.
511 2654 652 2704 Lael.
687 2655 744 2716 7,
772 2663 823 2704 24
858 2656 943 2719 qui
977 2654 1224 2705 clamores
1249 2665 1354 2706 tota

290 2736 446 2771 cavea
471 2737 632 2788 nuper
654 2721 707 2771 in
730 2722 796 2772 M.
816 2723 1024 2772 Pacuvii
1049 2738 1182 2773 nova
1205 2724 1351 2774 fabu-

291 2789 366 2839 la!
414 2790 555 2840 Brut.
579 2791 675 2853 44,
702 2799 804 2850 164;
839 2789 930 2850 95,
956 2799 1033 2841 326
1055 2792 1354 2843 Hortensius

288 2865 503 2921 utroque
525 2873 711 2924 genere
728 2860 913 2909 florens
938 2858 1184 2910 clamores
1203 2860 1355 2910 facie-

291 2927 379 2975 bat
400 2927 719 2977 adulescens.

355 2997 668 3058 scriptitarit
689 2997 734 3044 11
759 2995 851 3055 23,
878 3004 945 3046 9⁷.

355 3065 539 3113 similia
558 3065 887 3128 scriptorum,
914 3063 994 3114 Or.
1021 3062 1114 3127 59,
1140 3073 1232 3127 200,
1258 3065 1349 3115 das

291 3130 405 3180 sind
427 3133 562 3181 bona
587 3131 856 3196 disciplina
880 3133 1163 3198 exercitati,
1190 3134 1274 3197 qui
1302 3143 1352 3182 et

289 3199 448 3249 multa
465 3200 760 3264 scripserint
772 3208 839 3264 01,
856 3215 1188 3264 quaecunque
1200 3202 1350 3251 etiam

289 3267 402 3317 sine
424 3268 612 3334 scripto
638 3268 825 3329 dicent,
842 3271 1024 3320 similia
1045 3271 1351 3335 scm'ptorum

291 3335 565 3387 effecerint.

356 3406 533 3454 similis
566 3411 925 3471 consequetur,
971 3405 1024 3455 in
1059 3404 1352 3456 demselben

292 3471 438 3538 Gang
454 3473 705 3539 fortgehn.
726 3474 968 3537 consequi
986 3474 1039 3522 in
1053 3474 1141 3523 der
1151 3473 1351 3523 Bedeu-

290 3548 418 3605 1003
443 3541 535 3591 des
560 3541 809 3607 simplex,
835 3542 929 3591 wie
952 3537 985 3607 S
1014 3540 1127 3593 160.

358 3634 450 3677 153.
474 3626 810 3677 inhibuerunt.
836 3626 950 3676 Bild
968 3627 1073 3677 und
1084 3626 1357 3678 Ausdruck

291 3694 517 3745 beruhen
540 3694 676 3745 hier
709 3694 842 3745 noch
878 3694 972 3745 auf
991 3696 1101 3746 der
1122 3696 1354 3746 Vorstel-

291 3762 429 3828 lung,
444 3764 528 3813 die
543 3762 646 3814 Cic.
661 3764 852 3814 damals
877 3765 968 3814 mit
980 3765 1174 3814 diesem
1187 3763 1353 3815 Schif·

291 3830 621 3882 ferausdruck
645 3832 889 3893 verband,
908 3834 1152 3884 sustineri
1176 3848 1358 3896 remos,

292 3912 407 3949 cnm
453 3900 682 3951 inhibere
730 3912 901 3951 essent
945 3903 1163 3968 remiges
1210 3902 1356 3952 iussi.

293 3966 474 4033 Spater
492 3969 653 4018 lerute
672 3984 726 4018 er
743 3968 825 4018 die
845 3970 1146 4034 013001110ὴο
1155 3970 1356 4020 Beden-

291 4045 419 4102 1003
451 4037 621 4088 dieses
645 4037 944 4087 Ausdrucks
978 4052 1203 4102 genauer
1226 4038 1352 4088 ken-

293 4119 419 4167 nen,
464 4107 586 4156 ‘non
624 4106 758 4155 enim
795 4107 1077 4170 sustinent,
1120 4107 1212 4157 sed
1254 4107 1354 4155 alio

293 4173 445 4223 modo
481 4171 768 4239 remigant’‚
815 4173 1037 4224 ufimlich
1080 4176 1355 4226 riiekwiirts

295 4240 383 4307 (ad
407 4243 511 4293 Att.
538 4242 660 4293 xm
683 4241 747 4292 21
762 4279 777 4303 ,
777 4238 872 4340 ἐ).

1518 2164 1572 2212 in
1596 2163 1830 2214 oratione
1847 2167 2130 2226 perpetua,
2164 2160 2233 2208 im
2259 2159 2515 2223 Fortgang

1451 2229 1542 2279 der
1564 2230 1722 2280 Rede.

1518 2331 1624 2366 cum
1645 2316 1844 2381 scripta
1866 2312 2129 2379 deficiunt,
2161 2326 2239 2362 wo
2265 2311 2356 2362 das
2380 2309 2510 2362 Con-

1449 2394 1566 2450 cept
1589 2384 1836 2434 abbricht.

1517 2470 1685 2519 oratio
1706 2470 1932 2535 reliqua,
1969 2468 2067 2518 die
2102 2465 2261 2516 noch
2284 2466 2513 2531 iibrige

1448 2535 1487 2584 P
1505 2538 1667 2585 artie
1692 2537 1799 2587 der
1817 2536 2002 2594 Rede,
2021 2549 2108 2585 wo
2135 2550 2209 2584 ex
2225 2548 2513 2600 tempore

1457 2603 1618 2669 (ohne
1639 2601 1891 2669 Concept)
1911 2617 2182 2670 gesproc
2198 2602 2315 2652 hen
2339 2602 2508 2664 wird‚

1454 2671 1592 2736 geht,
1616 2671 1750 2721 ohne
1763 2672 1882 2722 dass
1895 2687 2009 2722 man
2023 2673 2170 2722 einen
2180 2669 2513 2721 Unterschied

1454 2741 1634 2800 merkt,
1647 2740 1837 2805 gerade
1859 2756 1918 2791 so
1942 2741 2057 2799 fort,
2077 2741 2173 2790 wie
2196 2740 2280 2790 die
2303 2753 2511 2789 vorans-

1454 2807 1686 2872 3011οῃᾱο
1709 2809 1875 2859 Partie
1884 2847 1899 2872 ‚
1926 2823 2002 2859 wo
2029 2808 2157 2858 nach
2181 2805 2514 2858 schriftlicher

1452 2875 1848 2942 Aufzeichnung
1869 2875 2185 2943 gesprochen
2208 2876 2365 2928 ward.

1519 2964 1824 3027 emptorum
1844 2963 2163 3014 similitudine
2197 2968 2249 3012 et
2269 2962 2320 3012 υἱ
2349 2962 2515 3012 conci-

1453 3037 1579 3089 tata,
1605 3030 1759 3081 durch
1786 3031 1869 3081 die
1885 3030 2167 3082 Triebkraft
2190 3031 2280 3080 des
2299 3028 2512 3080 schriftl.

1452 3098 1799 3164 aufgesetzten
1837 3100 1930 3165 (—
1964 3100 2055 3149 das
2091 3098 2221 3149 noch
2243 3098 2430 3163 gerade
2453 3112 2511 3147 so

1451 3168 1615 3226 wirkt,
1636 3168 1730 3218 als
1755 3170 1915 3218 ware
1936 3183 1990 3217 es
2016 3166 2176 3217 noch
2198 3165 2510 3223 vorhanden,

1452 3235 1786 3286 similitudine
1800 3237 1892 3299 —)
1914 3237 1968 3285 in
1992 3236 2103 3301 Ζο3
2124 3234 2380 3300 gebracht.
2429 3233 2511 3284 Or.

1451 3302 1625 3364 59,200
1648 3304 1706 3355 Id
1727 3314 1899 3354 autem
1920 3305 2057 3355 bona
2077 3302 2347 3369 disciplina
2371 3316 2514 3353 exer-

1453 3373 1646 3436 citatis,
1685 3373 1770 3437 qui
1817 3382 1866 3422 01
1911 3373 2070 3423 multa
2115 3372 2408 3436 scripserint
2449 3379 2514 3429 01,

1456 3455 1787 3505 quaecunque
1804 3443 1953 3491 etiam
1979 3442 2090 3490 sine
2113 3440 2300 3504 scripto
2327 3439 2512 3496 dicent,

1454 3508 1639 3558 similia
1661 3511 1960 3576 scriptorum
1986 3507 2275 3570 effecerint,
2301 3520 2404 3557 000
2423 3508 2517 3556 0111

1456 3576 1829 3628 difficillimum.

1525 3678 1616 3742 34,
1646 3687 1736 3730 154.
1776 3678 1832 3729 0.
1861 3678 2166 3743 Carbonem,
2192 3675 2223 3745 S
2247 3677 2332 3729 40.

1525 3766 1670 3815 lectis
1716 3762 1913 3826 11137,
1957 3772 2058 3823 ¹5⁰3
2107 3777 2200 3813 aus
2247 3763 2514 3814 derselben

1455 3831 1878 3897 1100010003003,
1906 3832 1989 3882 die
2009 3830 2162 3882 Ciisar
2182 3832 2344 3893 hatte,
2369 3847 2515 3882 wenn

1457 3915 1513 3949 er
1546 3900 1645 3949 (100
1665 3899 1789 3950 Satz
1812 3898 2092 3950 aufstellte:
2133 3903 2399 3950 verborum
2424 3901 2513 3950 de-

1456 3967 1641 4018 lectum
1654 3968 1729 4018 ori
1766 3969 1902 4017 inem
1915 3983 2030 4018 esse
2041 3968 2512 4030 eloquentiae,Brut.

1457 4036 1551 4098 72,
1584 4044 1676 4086 253.
1772 4052 1813 4086 r.
1846 4035 1935 4098 51,
1972 4045 2048 4086 170
2081 4037 2162 4086 sin
2203 4038 2391 4101 probae
2414 4052 2514 4095 res,

1456 4105 1587 4154 lecta
1619 4104 1789 4154 verba.
1845 4104 1984 4155 Brut.
2023 4103 2114 4164 71,
2147 4114 2224 4154 250
2256 4107 2426 4170 itaque
2467 4118 2515 4156 et

1457 4173 1600 4222 lectis
1617 4173 1776 4223 011101·
1785 4173 1956 4223 verbis
1975 4182 2024 4223 01
2041 4172 2389 4235 frequentibus
2400 4189 2516 4225 sen-

1459 4241 1648 4291 1001110.
