2930 4693
483 182 567 244 20
1131 174 1228 236 DE
1259 174 1616 238 ORATORE
1648 175 1671 236 1
1708 175 1802 235 10.
1834 180 2073 233 38—40.

481 348 549 409 L.
580 347 750 408 Bruti
789 365 918 409 esse
960 347 1258 407 cernimus
1291 378 1397 415 —,
1439 344 1546 405 sed
1588 344 1870 425 deinceps
1912 347 2109 406 omnia
2140 363 2339 407 nonne
2366 344 2552 425 plena
2585 364 2725 408 con-

369 438 439 491 38
482 432 779 501 siliarum,
824 431 1023 492 inania
1064 428 1382 492 verborum
1417 430 1717 492 videmus?
1773 430 1899 509 Ego
1927 447 2070 491 vcro
2100 431 2152 491 si
2180 428 2356 491 velim
2389 438 2450 492 et
2481 437 2725 493 nostrae

483 517 730 578 civitatis
776 514 1062 594 exemplis
1092 517 1179 576 uti
1201 524 1261 576 et
1289 513 1569 585 aliarum,
1613 514 1785 595 plura
1813 515 2087 595 proferre
2112 516 2332 596 possim
2365 515 2723 578 detrimenta

481 598 733 683 publicis
763 599 970 671 rebuS‚
1015 619 1189 679 quam
1232 599 1570 661 adiumenta
1611 619 1721 680 per
1751 599 2023 663 homines
2052 599 2574 680 eloquentissimos
2619 603 2725 662 im·

481 693 743 767 portata;
769 685 873 746 sed
898 692 963 746 ut
983 684 1210 765 reliqua
1234 686 1725 765 praetermittam,
1751 686 2015 747 omnium
2030 686 2176 746 mihi
2189 685 2409 756 videor,
2436 688 2721 765 exceptis,

483 773 709 841 Crasse,
742 770 908 832 vobis
938 769 1184 840 duobus,
1218 769 1731 850 eloquentissimos
1762 771 1995 833 audisse
2026 771 2117 832 Ti.
2152 778 2212 831 et
2224 771 2286 832 C.
2313 770 2721 851 Sempronius,

481 875 734 939 quorum
765 862 951 935 pater,
984 855 1163 917 homo
1193 855 1457 935 prudens
1487 862 1546 915 et
1575 857 1786 933 gravis,
1819 855 2271 936 haudquaquam
2304 854 2623 936 eloquenS,
2670 864 2725 917 et

482 960 659 1022 saepe
691 939 835 1002 alias
877 948 936 1002 et
960 942 1222 1007 maxime
1254 957 1468 1001 censor
1497 939 1672 1002 saluti
1700 942 1792 1002 rei
1821 940 2092 1020 publicae
2123 940 2251 1002 suit.
2296 940 2489 1021 Atque
2516 942 2574 1002 is
2605 960 2722 1002 non

386 1092 394 1105 .
481 1033 757 1088 accurata
800 1024 1054 1106 quadam
1096 1026 1382 1087 orationis
1423 1027 1592 1105 copia
1611 1073 1627 1096 ‚
1678 1025 1783 1086 sed
1814 1034 1961 1087 nutu
1990 1033 2166 1106 atque
2195 1025 2378 1086 verbo
2408 1024 2723 1087 libertinos

480 1113 541 1173 in
566 1110 825 1173 urbanas
852 1110 1044 1172 tribus
1065 1108 1389 1179 transtulit;
1423 1111 1583 1190 quod
1606 1112 1720 1171 nisi
1748 1110 2001 1181 fecisset,
2032 1129 2162 1172 rem
2190 1110 2511 1190 publicam,
2545 1130 2722 1191 quam

481 1215 642 1258 nunc
681 1197 778 1256 vix
806 1202 1107 1266 tenemus,
1151 1197 1269 1257 iam
1313 1193 1412 1256 diu
1467 1194 1691 1256 nullam
1732 1195 2107 1277 haberemus,
2183 1197 2257 1257 At
2286 1214 2428 1257 vero
2459 1198 2593 1257 eius
2623 1196 2722 1256 filii

483 1281 690 1343 diserti
719 1287 779 1342 et
806 1280 1082 1342 omnibus
1102 1279 1194 1341 vel
1225 1286 1470 1341 naturae
1500 1279 1590 1341 vel
1621 1279 1928 1342 doctrinae
1957 1280 2269 1360 praesidiis
2297 1280 2367 1342 ad
2403 1280 2720 1342 dicendum

482 1368 701 1447 parati,
736 1384 871 1427 cum
902 1367 1194 1427 civitatem
1223 1364 1316 1425 vel
1345 1372 1596 1448 paterno
1628 1365 1876 1427 consilio
1903 1365 1993 1427 vel
2025 1367 2199 1427 avitis·
2221 1367 2402 1428 armis
2425 1365 2719 1427 florentis-

433 1475 440 1480 ·
484 1453 695 1514 siniam
736 1452 1141 1530 accepissent,
1184 1453 1296 1512 ista
1324 1449 1634 1530 praeclara
1662 1451 2112 1530 gubernatrice,
2155 1459 2220 1513 ut
2248 1453 2366 1521 aiS‚
2401 1452 2719 1521 civitatum,

316 1540 478 1614 1039
492 1536 824 1617 eloquentia
865 1554 996 1598 rem
1041 1535 1338 1616 publicam
1383 1536 1835 1615 dissipaverunt.
1895 1536 2093 1608 Quid?
2133 1534 2295 1614 leges
2333 1543 2570 1596 veteres
2594 1555 2720 1598 mo-

489 1641 703 1702 resque
732 1623 1054 1692 maiorum;
1096 1621 1274 1702 quid?
1306 1622 1593 1700 auspicia,
1627 1620 1842 1700 quibus
1871 1628 1930 1682 et
1960 1639 2071 1699 ego
2103 1628 2162 1682 et
2189 1627 2286 1692 tu,
2322 1622 2554 1695 Crasse,
2589 1641 2718 1682 cum

481 1726 696 1786 magna
727 1709 818 1768 rei
845 1704 1118 1786 publicae
1148 1705 1336 1768 salute
1368 1724 1748 1784 praesumus;
1782 1706 1961 1786 quid?
1992 1706 2310 1785 religiones
2341 1713 2400 1766 et
2430 1708 2721 1769 caerimo-

482 1794 643 1863 niae;
688 1790 867 1870 quid?
909 1791 1058 1852 haec
1087 1793 1216 1853 iura
1249 1789 1468 1862 civilia,
1515 1809 1667 1870 quae
1707 1792 1826 1852 iam
1871 1791 2106 1871 pridem
2146 1793 2209 1851 in
2250 1798 2457 1853 nostra
2500 1791 2722 1853 familia

483 1879 612 1938 sine
653 1875 772 1937 ulla
814 1875 1185 1955 eloquentiae
1227 1875 1401 1937 laude
1439 1882 1784 1947 versantur,
1829 1895 1974 1938 num
2018 1884 2118 1937 aut
2157 1878 2391 1938 inventa
2434 1885 2579 1938 sunt
2623 1883 2721 1939 aut

372 1968 442 2020 40
485 1963 720 2040 cognita
752 1967 854 2022 aut
882 1962 1125 2022 omnino
1157 1959 1231 2022 ab
1262 1968 1568 2022 oratorum
1598 1979 1821 2041 genere
1851 1963 2136 2023 tractata?
2179 1961 2470 2041 Equidem
2504 1970 2565 2023 et
2594 1962 2719 2024 Ser.

485 2046 733 2109 Galbam
765 2047 1052 2107 memoria
1095 2053 1271 2106 teneo
1303 2045 1566 2107 divinum
1609 2047 1914 2109 hominem
1955 2048 2016 2108 in
2050 2045 2300 2107 dicendo
2331 2054 2391 2108 et
2417 2047 2495 2108 Μ.
2528 2048 2722 2110 Aemi-

481 2131 628 2194 lium
657 2132 974 2193 Porcinam
999 2138 1059 2191 et
1080 2131 1142 2193 C.
1173 2132 1368 2210 ipsum
1395 2131 1746 2203 Carbonem,
1779 2151 1957 2212 quem
1986 2140 2051 2193 tu
2082 2131 2559 2194 adulescentulus
2584 2150 2721 2212 per-

479 2303 571 2363 rit‚
607 2309 664 2352 ut
688 2316 716 2351 e
743 2301 945 2352 civitate
965 2300 1156 2367 regalis
1194 2301 1414 2353 nominis
1440 2315 1545 2351 me-

484 2371 698 2421 moriam
724 2370 938 2422 tolleret.

549 2448 617 2490 33.
632 2440 936 2489 detrimenta
948 2438 1013 2487 (10
1022 2437 1129 2487 inv,
1144 2438 1166 2486 Ι
1180 2436 1229 2500 1,
1245 2446 1266 2487 1
1294 2438 1422 2487 Nam
1434 2453 1550 2489 cum

483 2518 533 2558 et
555 2516 759 2557 nostrae
776 2506 1089 2573 reipublicae
1106 2507 1410 2557 detrimenta
1427 2521 1554 2556 eon-

481 2575 652 2627 sidero
679 2584 729 2625 et
751 2576 1088 2625 maximarum
1122 2574 1384 2625 civitatum
1408 2582 1553 2624 vete·
1597 2618 1603 2628 ,

449 2706 454 2710 q
479 2660 563 2695 res
587 2645 758 2695 animo
778 2643 1090 2693 calamitates
1114 2642 1316 2707 colligo,
1341 2655 1443 2692 nou
1461 2643 1555 2691 mi-

482 2713 669 2763 nimam
701 2712 849 2762 111ιὶοο
881 2726 975 2777 per
998 2711 1361 2761 disertissimos
1385 2709 1554 2760 homi-

482 2794 575 2830 nes
600 2782 844 2832 invectam
877 2787 1072 2842 partem
1096 2778 1556 2831 incommodorum.

549 2855 758 2898 nutu—
792 2845 951 2896 durch
986 2846 1071 2896 die
1101 2845 1556 2897 Entsc‘biedenheit
1602 2891 1605 2892 a

482 2917 653 2968 seines
676 2914 921 2972 willens,
963 2912 1096 2963 ohne
1127 2914 1256 2963 viel
1281 2915 1462 2963 Worte
1488 2931 1552 2965 zu

482 2982 713 3036 macheu.
780 2979 810 3046 S
847 2979 947 3032 194
992 2983 1291 3032 auctoritate
1326 2990 1555 3045 nutuque

483 3053 672 3117 legum.
730 3050 841 3100 Liv.
869 3049 1098 3099 XXXIV
1130 3047 1221 3110 62,
1262 3058 1312 3100 18
1345 3065 1463 3100 nam
1500 3052 1553 3100 ni

480 3122 553 3170 ita
588 3127 748 3180 esset,
781 3133 917 3167 unus
943 3116 1115 3182 Scipio
1148 3119 1233 3168 vel
1265 3118 1442 3168 notitia
1479 3120 1554 3169 rei

481 3187 564 3238 vel
587 3187 965 3254 auctoritatep—
987 3184 1134 3236 finire
1153 3195 1277 3237 nutu
1297 3186 1551 3253 discepta-

480 3258 671 3308 tionem
698 3255 971 3322 potuisset.

550 3341 696 3391 quam
714 3338 845 3374 nune
866 3325 958 3374 via:
982 3330 1219 3374 tenemus.
1245 3321 1554 3387 Angesicbts

483 3395 575 3445 der
597 3392 741 3459 polit.
769 3391 1123 3442 Verhfiltnisse
1148 3388 1306 3453 (Einl.
1335 3393 1356 3440 1
1381 3387 1413 3457 S
1438 3389 1552 3455 22),

479 3460 848 3513 insbesondere
866 3459 996 3509 auch
1011 3459 1160 3523 jener
1171 3458 1553 3509 schmz‘ihlichen

478 3529 842 3593 Verurteilung
866 3528 958 3578 des
982 3528 1205 3578 Rutilius
1229 3526 1394 3578 Rufus
1409 3566 1423 3589 ‚
1451 3541 1552 3589 quo

479 3597 669 3649 iudicio
689 3596 988 3646 convulsam
1007 3597 1209 3663 penitus
1228 3596 1418 3646 scimus
1439 3610 1556 3645 esse

480 3665 849 3732 rempublicam
872 3662 1038 3727 (Brut.
1064 3662 1155 3726 30,
1183 3661 1302 3729 115).
1349 3663 1462 3728 Vgl.
1482 3665 1554 3713 111

483 3734 572 3794 17,
608 3742 659 3784 63
704 3731 800 3781 hac
848 3732 1148 3797 praesertim
1186 3731 1447 3797 republica
1496 3747 1550 3782 11.

480 3801 764 3854 besonders
787 3797 881 3861 60,
907 3808 1005 3850 226.

545 3876 774 3935 paterno
809 3870 1047 3927 consilio,
1083 3865 1244 3918 durch
1278 3866 1361 3916 die
1396 3867 1552 3936 weise

481 3937 670 3988 Politik
693 3935 830 3987 ihres
854 3936 1036 3986 Vaters
1063 3935 1132 3985 im
1156 3935 1393 3985 Frieden.

550 4006 701 4055 avitis
724 4005 895 4063 armis,
916 4003 1074 4053 durch
1096 4004 1180 4053 die
1196 4002 1550 4069 Kriegsthaten

478 4073 617 4123 ihres
642 4070 991 4121 miitterlichen
1014 4070 1356 4133 Grossvaters,
1377 4071 1468 4121 des
1494 4071 1551 4121 Ρ.

484 4139 751 4193 Cornelius
772 4137 945 4203 Scipio
968 4138 1239 4188 Africanus
1263 4140 1441 4199 Maior,
1463 4139 1554 4189 des

482 4208 689 4272 Siegers
715 4205 796 4255 bei
822 4205 991 4255 Zama.
1041 4205 1184 4254 Brut.
1209 4204 1300 4268 33,
1328 4215 1419 4259 126.

1714 2305 1995 2368 praeclara
2020 2302 2200 2353 uatiirl.
2229 2301 2471 2353 ironisch.
2522 2301 2721 2354 Daher:

1720 2378 1778 2422 ut
1800 2373 1905 2433 ais,
1931 2372 2028 2420 wie
2053 2371 2125 2422 du
2145 2372 2348 2421 meinst.

1723 2441 2101 2505 dissipaverunt
2117 2440 2207 2489 mit
2221 2439 2519 2504 Beziehung
2536 2437 2727 2489 aufdie

1656 2508 1942 2557 bekannten
1958 2508 2329 2571 Aekergesetze
2345 2508 2436 2558 der
2445 2505 2728 2559 Gracchen.

1656 2574 1786 2627 Phil.
1807 2574 1920 2634 113,
1945 2584 1969 2624 6
1995 2590 2108 2626 011111
2134 2583 2189 2625 tu
2207 2575 2451 2638 reliquias
2475 2574 2726 2639 reipubli-

1658 2657 1748 2691 cae
1785 2643 1911 2708 (den
1949 2642 2319 2706 Staatsschatz)
2343 2643 2730 2709 dissipavisses.

1726 2710 1808 2771 10,
1828 2720 1894 2761 39.
1920 2714 2057 2777 10903
2075 2719 2273 2763 veteres
2289 2728 2552 2778 moresque
2566 2714 2730 2764 maio-

1655 2795 1765 2829 rum
1788 2780 1906 2830 sind
1927 2779 2287 2845 vorangestellt
2309 2780 2385 2829 als
2409 2780 2493 2829 die
2512 2779 2730 2841 Quellen

1656 2846 1813 2897 sowol
1849 2848 1939 2897 des
1975 2848 2121 2913 gotti.
2155 2847 2344 2899 Rechts
2380 2846 2537 2913 (fas),
2575 2854 2731 2898 unter

1657 2916 1748 2965 das
1774 2916 1859 2965 die
1881 2916 2111 2982 auspicia
2134 2916 2407 2980 religiones
2434 2916 2539 2966 und
2563 2917 2727 2966 caeri-

1655 2985 1859 3034 moniae
1893 2983 2077 3044 fallen,
2114 2984 2190 3035 als
2228 2984 2319 3034 des
2345 2983 2730 3038 mensehlicheu
2790 3013 2796 3020 ·

1655 3051 1842 3102 Rechts
1866 3049 2021 3116 (ius).

1725 3127 1777 3170 et
1787 3135 1879 3185 090
1890 3128 1943 3171 et
1952 3127 2003 3170 tu
2014 3147 2076 3155 -
2088 3118 2187 3182 ich,
2214 3120 2304 3169 der
2314 3118 2393 3169 ich
2416 3118 2547 3170 doch
2557 3117 2668 3168 sich
2674 3135 2732 3170 er

1657 3187 1794 3237 nicht
1820 3204 1883 3237 zu
1909 3189 2007 3238 den
2031 3187 2083 3238 h.
2112 3188 2404 3251 eloquentes
2428 3187 2633 3252 gebore‚
2664 3203 2730 3239 so

1655 3264 1747 3320 gut
1781 3256 1878 3304 wie
1905 3256 2003 3319 du,
2045 3257 2136 3305 der
2173 3256 2379 3305 Meister
2417 3259 2487 3304 im
2527 3255 2729 3316 Reden,

1656 3323 1840 3374 sodass
1874 3325 1982 3373 also
2013 3324 2097 3374 die
2129 3332 2251 3389 gnte
2275 3323 2519 3388 Fiihrung
2550 3322 2729 3374 dieses

1655 3392 1707 3441 in
1752 3392 1897 3458 polit.
1922 3390 2221 3456 Beziehung
2263 3407 2321 3442 so
2358 3390 2725 3442 bedentenden

1656 3460 1833 3510 Amtes
1853 3459 1945 3509 mit
1964 3460 2055 3510 der
2064 3459 2445 3510 Beredsamkeit
2468 3458 2633 3510 nichts
2656 3476 2729 3510 zu

1655 3526 1783 3578 tbun
1800 3525 1906 3578 hat.
1941 3527 2011 3578 So
2029 3527 2155 3578 wird
2176 3527 2407 3593 augleich
2425 3528 2517 3579 das
2529 3527 2729 3579 Selbst-

1656 3596 1765 3655 lob,
1809 3596 1902 3646 das
1945 3596 2056 3646 sich
2094 3594 2206 3645 hier
2246 3595 2462 3646 Scavola
2503 3595 2727 3656 ertheilt,

1656 3663 1795 3713 nicht
1841 3680 1935 3714 nur
1980 3662 2235 3726 dadurch,
2286 3665 2406 3715 dass
2442 3679 2496 3713 er
2543 3664 2728 3716 seinen

1653 3731 1823 3781 Ruhm
1866 3732 1959 3782 mit
2007 3732 2219 3782 Crassus
2265 3732 2439 3793 theilt,
2499 3731 2731 3784 sondern

1653 3799 1782 3851 auch
1808 3800 1967 3850 durch
1991 3801 2082 3850 das
2107 3799 2444 3851 bescheidene
2467 3798 2724 3850 Gestiind·

1654 3869 1735 3918 nis
1760 3867 1936 3918 seiner
1951 3866 2309 3918 reduerischen
2323 3868 2727 3919 Unbedeutend—

1653 3936 1759 3987 heit
1782 3936 2067 4001 gemildert.

1721 4007 1775 4054 in
1799 4012 1979 4055 nostra
1996 4004 2193 4069 familia
2216 4003 2346 4054 Einl.
2374 3998 2561 4068 1514.
2605 4019 2724 4053 ver-

1654 4080 1837 4124 santur
1849 4072 2200 4122 ‘einheimisch
2218 4072 2375 4122 sind.’
2401 4070 2726 4136 ngelsbaeh

1655 4141 1767 4192 Lat.
1792 4139 1906 4190 Stil.
1930 4140 1962 4201 s
1991 4138 2114 4200 109,
2138 4149 2180 4192 2.

1724 4215 1792 4256 4ο.
1829 4209 2238 4259 adulescentulus
2270 4205 2404 4258 Einl.
2431 4208 2454 4256 I
2477 4202 2509 4269 ’5
2534 4204 2627 4268 10,
2653 4216 2725 4257 77.
