2930 4693
915 131 1013 194 DE
1057 129 1412 194 ORATORE
1452 133 1534 194 111
1578 133 1678 194 52.
1723 141 1843 193 201.

2369 141 2491 204 303

255 319 375 365 non
406 299 598 365 solum
626 300 740 364 sibi
768 302 990 363 vitandi
1021 310 1121 364 aut
1149 302 1402 372 feriendi
1425 304 1719 365 rationem
1751 321 1881 365 esse
1903 304 2238 368 habendam
2262 313 2490 386 putant,

255 387 360 450 sed
390 389 586 449 etiam.
620 396 687 448 ut
716 405 849 448 cum
880 394 1185 450 venustate
1207 396 1573 460 moveantur,
1607 390 1691 449 sic
1719 388 1917 449 verbis
1935 391 2173 470 quidem
2197 391 2271 452 ad
2294 397 2491 471 aptam

256 473 743 552 compositionem
775 479 835 532 et.
867 471 1223 544 decentiam,
1271 475 1581 535 sententiis
1621 489 1762 534 vero
1792 475 1864 535 ad
1899 476 2242 553 gravitatem
2274 478 2491 540 oratio-

255 559 348 619 nis
376 564 595 619 utatur.
645 557 1005 619 Formantur
1030 564 1225 627 autem
1257 565 1317 618 et
1344 557 1525 619 verba
1554 564 1617 620 et
1643 560 1971 620 sententiae
1998 577 2189 640 paene
2219 562 2489 622 innume-
2520 571 2619 624 201

254 642 522 721 rabiliter
566 641 741 723 (quod
788 642 928 703 satis
971 644 1093 704 scio
1125 650 1331 704 notum
1363 659 1492 705 esse
1521 643 1715 715 vobiS,
1753 650 1819 706 ut
1848 645 1932 706 eis
1962 646 2064 725 qui
2093 645 2156 705 in
2187 655 2490 707 armorum

253 728 608 790 tractatione
636 727 997 807 versantur),
1037 727 1141 790 sed
1170 729 1327 788 inter
1358 728 1890 791 conformationem
1920 730 2239 792 verborum
2269 735 2329 791 et
2357 748 2492 792 sen·

252 814 575 874 tentiarum
606 812 720 872 hoc
748 812 1028 884 interest,
1072 812 1230 894 quod
1273 812 1590 875 verborum
1625 813 1877 885 tollitur,
1923 815 1973 874 si
2012 814 2191 876 verba
2222 816 2489 885 mutariS,

252 898 682 978 sententiarum
713 904 1042 977 permanet,
1076 898 1550 979 quibuscumque
1578 895 1775 980 verbis
1805 900 1890 960 uti
1919 898 2082 960 velis,
2158 899 2328 971 Quod
2359 902 2490 980 qui-

253 984 392 1047 dem
432 1001 533 1043 vos
575 983 686 1043 etsi
725 981 945 1053 facitiS,
992 989 1192 1044 tamen
1234 983 1640 1045 admonendos
1678 990 1849 1064 puto,
1894 1001 1970 1044 ne
1999 984 2139 1064 quid
2168 1001 2301 1047 esse
2332 984 2490 1046 aliud

254 1068 509 1129 oratoris
537 1068 786 1147 putetis,
830 1066 987 1148 quod
1031 1069 1270 1148 quidem
1300 1070 1376 1129 sit
1405 1070 1710 1148 egregium
1743 1074 1918 1150 atque
1949 1068 2249 1139 mirabile,
2283 1071 2397 1131 nisi
2425 1071 2489 1131 in

254 1151 503 1232 singulis
534 1151 728 1213 verbis
758 1151 858 1213 illa
890 1154 998 1213 tria
1033 1160 1263 1223 tenere,
1300 1160 1373 1214 ¹nt
1416 1153 1717 1215 translafls
1759 1161 1994 1215 utamur
2023 1154 2368 1235 frequenter
2397 1157 2490 1216 in-

254 1238 610 1317 terdumque
640 1237 826 1305 factis,
860 1255 996 1298 raro
1028 1242 1223 1300 autem
1256 1239 1431 1299 etlam
1461 1240 1832 1319 pervetustis,
1878 1239 1944 1299 In
1975 1246 2262 1320 perpetua
2293 1245 2490 1302 autem

255 1324 542 1393 oratione,
575 1339 710 1383 cum
743 1329 803 1383 et
831 1324 1263 1384 coniunctionis
1293 1323 1595 1384 lenitatem
1627 1330 1686 1384 et
1709 1337 2114 1395 numerorum,
2146 1333 2324 1405 quam
2349 1324 2487 1393 dixi,

256 1410 551 1469 rationem
582 1409 979 1480 tenuerimus,
1012 1416 1137 1469 tum
1170 1417 1259 1470 est
1289 1410 1455 1489 quasi
1485 1407 1807 1470 luminibus
1838 1409 2252 1489 distinguenda
2282 1417 2341 1470 et
2370 1410 2488 1471 fre-

254 1491 591 1573 quentanda
624 1493 817 1552 omnis
847 1492 1036 1553 oratio
1067 1496 1494 1555 sententiarum
1525 1500 1701 1573 atque
1730 1492 2068 1555 verborum.

254 1648 488 1697 diatores
532 1644 767 1695 videmus
815 1644 942 1695 nihil
976 1660 1069 1694 nec
1110 1646 1321 1697 vitando

253 1714 424 1764 facere
446 1722 594 1765 caute
620 1727 714 1761 nec
738 1714 959 1778 petendo
979 1711 1320 1774 vehementer,

252 1782 308 1832 in
333 1795 435 1845 quo
475 1795 574 1832 non
610 1788 780 1831 motus
814 1779 896 1829 hic
930 1780 1115 1831 habeat
1146 1781 1322 1847 palae-

253 1857 415 1900 stram
451 1849 732 1912 quandam,
780 1855 835 1898 nt
870 1849 1117 1913 quidquid
1155 1852 1204 1902 in
1241 1849 1322 1901 his

252 1920 408 1968 rebus
440 1917 529 1966 flat
563 1917 755 1966 utiliter
785 1916 852 1965 ad
884 1932 1136 1983 pugnam,
1185 1918 1322 1968 idem
1358 1978 1362 1982 .

253 1987 324 2036 ad
348 1992 615 2052 aspectum
642 1985 793 2046 etiam
820 1985 886 2034 sit
909 1995 1212 2037 venustum:
1248 1987 1324 2037 sic

256 2055 417 2104 oratio
442 2068 535 2104 nec
559 2052 764 2117 plagam
787 2068 994 2117 gravem
1038 2052 1185 2113 facit,
1219 2054 1322 2105 nisi

253 2122 431 2188 petitio
466 2121 554 2170 flat
586 2130 760 2186 apta,
797 2136 890 2170 nec
924 2122 1048 2171 satis
1071 2130 1204 2171 tecte
1228 2122 1324 2172 de-

255 2190 414 2240 clinat
434 2189 699 2255 impetum,
728 2189 827 2237 nisi
846 2189 997 2242 etiam
1021 2189 1080 2238 in
1093 2190 1321 2240 cedendo

258 2256 415 2320 quid
439 2256 470 2306 d
486 2264 666 2306 eceat
690 2256 965 2321 intellegat.
1001 2256 1134 2320 Alle,
1158 2257 1321 2308 denen

257 2326 402 2376 diese
424 2321 732 2375 iisthetische
747 2324 989 2390 Haltung,
1016 2324 1101 2375 die
1121 2324 1321 2387 leichte,

254 2394 480 2460 gratiose
493 2391 901 2458 Beweglichkeit,
925 2392 1213 2458 iiberhaupt
1232 2394 1324 2443 der

256 2461 428 2512 rechte
440 2460 676 2510 Austand
689 2461 925 2526 abgieng‚
935 2461 1143 2511 hiessen
1168 2453 1324 2512 ἀποί-

257 2531 532 2593 λαιστροι.
589 2530 744 2579 armis
768 2538 892 2587 etc„
919 2530 951 2591 S
975 2527 1096 2578 220.-

325 2599 534 2657 vt‘tandi,
559 2612 632 2647 sc.
658 2598 789 2646 ictus
815 2596 1012 2662 (Valer.
1038 2594 1173 2647 Max.
1202 2598 1247 2648 Π
1271 2597 1322 2658 4,

257 2665 327 2730 2),
358 2682 422 2716 zu
445 2665 695 2732 parieren.

326 2740 523 2800 aptum,
558 2731 970 2799 geschmackvoll
1001 2733 1323 2799 abgernnde-

256 2812 361 2869 ten,
386 2800 795 2851 harmonischen.

326 2879 421 2920 201.
447 2869 770 2928 Formantur,
796 2869 848 2920 d.
874 2867 926 2919 h.
953 2869 1037 2918 die
1061 2861 1324 2935 σχήματα

260 2939 383 2989 oder
417 2938 610 2988 formae
644 2944 775 2989 sent.
812 2945 863 2986 et
895 2937 1036 2986 verb.
1065 2937 1181 2986 sind
1206 2936 1323 2987 sehr

258 3005 671 3071 mannigl'altiger
695 3006 787 3054 Art
810 3005 881 3069 (e.
906 3005 1012 3055 ind.
1038 3003 1275 3068 lumina).

328 3082 383 3124 ut
407 3077 483 3125 eis
508 3081 603 3123 etc.
629 3088 673 3122 s.
700 3073 752 3124 d.
780 3074 899 3125 krit.
923 3071 1160 3138 Anhang.
1219 3074 1322 3123 Da-

259 3144 352 3193 mit
384 3149 517 3192 setzt
543 3140 781 3203 CrassuS,
815 3141 990 3192 indem
1026 3157 1081 3191 er
1115 3140 1221 3192 sich
1256 3157 1323 3192 an

260 3211 344 3260 die
378 3209 562 3260 beiden
583 3208 835 3273 jiingeren
859 3209 1019 3260 Leute
1045 3208 1193 3260 Cotta
1215 3210 1323 3260 und

261 3278 521 3345 Sulpicius
554 3278 756 3327 wendet
788 3276 923 3342 (vgl.
954 3274 986 3343 S
1022 3275 1176 3343 208),
1224 3278 1322 3327 den

259 3345 651 3412 anget’angenen
675 3343 947 3410 Vergleich
971 3345 1070 3395 sort
1091 3344 1320 3395 u.recht-

260 3415 436 3479 fertigt
469 3427 525 3464 so
561 3414 810 3475 indirect,
841 3413 969 3463 dass.
997 3428 1051 3462 er
1084 3427 1141 3464 so
1176 3413 1326 3465 resch

262 3483 392 3533 iiber
416 3481 559 3532 diese
581 3481 746 3546 Dinge
769 3479 1120 3546 hinweggeht:
1159 3489 1215 3531 ut
1249 3483 1325 3531 eis

261 3566 335 3602 sc.
369 3557 546 3600 notum
579 3556 683 3608 est,
715 3549 810 3598 wie
843 3548 1125 3613 uberhaupt
1158 3550 1325 3598 denen

261 3618 398 3681 (und
432 3617 564 3667 dazn
598 3615 777 3681 gehiirt
808 3616 888 3666 ihr
918 3616 975 3680 ja
1008 3614 1196 3680 auch),
1240 3616 1326 3667 die

261 3685 404 3736 nicht
428 3684 572 3734 mehr
593 3686 646 3733 in
672 3684 754 3733 die
779 3683 1090 3735 Fechtsch
1109 3684 1324 3750 ule'ge-

261 3753 385 3814 hen,
434 3752 653 3803 sondern
697 3753 879 3803 bereits
915 3752 983 3801 im
1018 3751 1208 3817 Kampi'
1250 3751 1324 3816 (in

262 3820 393 3883 acie)
421 3821 504 3870 die
528 3819 784 3869 Wafl’en
819 3818 1079 3881 fiihren‚
1117 3820 1209 3869 mit
1232 3835 1327 3870 an-

264 3891 389 3939 dern
424 3889 663 3937 Worten:
704 3888 861 3947 allen,
898 3888 980 3938 die
1017 3886 1153 3937 nicht
1186 3888 1328 3938 mehr

264 3956 423 4007 durch
485 3954 974 4007 theoretischen
1032 3952 1327 4005 Elemen-

263 4022 739 4075 tarunterricht
786 4022 1030 4087 dariiber‚
1080 4024 1154 4073 als
1200 4025 1328 4074 iiber

263 4093 594 4143 unbekannte
635 4090 822 4156 Dinge,
873 4092 1208 4142 unterwiesen
1262 4109 1326 4142 zu

263 4160 469 4213 werden
495 4158 778 4225 brauchen,
804 4158 1026 4212 sondern
1051 4159 1135 4211 die
1158 4161 1211 4210 in
1237 4160 1329 4211 der

1427 1644 1721 1697 erwiihnten
1746 1644 2044 1711 Beziehung
2067 1644 2226 1696 sehon
2261 1662 2285 1694 r
2298 1662 2325 1694 e
2338 1647 2366 1696 d
2385 1662 2413 1695 n
2429 1661 2456 1695 e
2469 1673 2490 1683 -·

1424 1713 1598 1764 risch
1613 1729 1641 1762 e
1667 1713 2034 1779 Erfahrung
2056 1714 2240 1777 haben,
2259 1714 2369 1764 also
2393 1730 2490 1765 aus

1425 1782 1637 1832 Erfahru
1646 1796 1713 1846 ng
1730 1781 2047 1847 hinliinglich
2064 1783 2267 1843 wissen‚
2279 1781 2492 1832 formari

1377 1900 1382 1905 ,
1424 1850 1582 1900 verba
1617 1858 1667 1899 et
1700 1851 1978 1902 sententias
2011 1865 2174 1917 paene
2199 1851 2489 1900 innumera-

1429 1918 1613 1970 biliter.

1492 1988 1603 2047 sed,
1628 2001 1715 2035 um
1739 1987 2081 2047 anzudeuten,
2108 1987 2228 2038 dass
2255 1985 2338 2037 die
2361 1979 2491 2053 σχή-

1424 2070 1580 2120 ματα
1605 2051 1874 2114 διανοίας
1899 2055 1981 2105 die
2003 2055 2084 2105 bei
2107 2056 2309 2104 weitem
2334 2056 2492 2105 wirk-

1424 2137 1657 2173 sameren
1682 2124 1840 2184 scien,
1862 2137 2021 2185 eaque
2040 2137 2142 2173 non
2167 2132 2271 2172 tam
2296 2123 2345 2171 in
2376 2138 2490 2172 ver-

1422 2192 1502 2241 bis
1526 2190 1800 2257 pingendis
1825 2187 2014 2239 habent
2037 2190 2240 2255 pondus
2261 2204 2412 2252 quam
2436 2191 2489 2239 in

1424 2258 1697 2308 sententiis
1719 2256 2087 2308 illuminandis.
2132 2254 2276 2308 Brut.
2298 2256 2381 2321 37,
2397 2266 2489 2308 14¹1.

1426 2326 1543 2392 vgl.
1570 2327 1617 2376 ΙΙ
1640 2321 1721 2385 62,
1748 2333 1825 2376 252
1847 2339 1893 2375 a.
1919 2325 1978 2376 E.

1495 2394 1642 2455 Quod
1663 2394 1859 2460 quidem
1882 2410 1971 2446 vos
2006 2401 2127 2457 etc.,
2163 2410 2234 2444 sc.
2271 2392 2491 2444 formare

1422 2462 1578 2512 verba
1606 2469 1656 2511 et
1679 2462 1975 2512 sententias.
2012 2461 2107 2513 Um
2128 2463 2324 2512 seinem
2337 2460 2489 2514 Cras-

1426 2546 1517 2583 sus
1552 2531 1642 2580 der
1673 2529 2106 2595 Vollstfindigkeit
2146 2544 2322 2595 wegen
2357 2530 2491 2587 auch

1429 2598 1561 2647 noch
1588 2598 1730 2647 diese
1746 2596 2238 2663 schematologische-
2249 2596 2497 2663 Explica-¹

1430 2667 1536 2715 tion
1570 2667 1622 2715 in
1661 2665 1760 2715 den
1785 2665 1944 2715 Mund
1977 2665 2125 2731 legen
2163 2682 2226 2715 zu
2262 2666 2487 2728 konnen,

1426 2734 1554 2784 liisst
1588 2732 1761 2798 er‚-ihn
1798 2731 2098 2784 absichtlich
2134 2733 2276 2785 diese
2310 2734 2391 2783 bis
2425 2749 2489 2782 zu

1427 2802 1522 2853 den
1545 2796 1756 2851 Worten
1785 2800 1857 2850 ‘In
1923 2808 2132 2868 erpetua
2156 2799 2270 2854 etc.’
2297 2801 2491 2867 wenig-

1425 2876 1569 2920 stens
1601 2868 1858 2920 ironische
1958 2869 2167 2934 endung
2199 2867 2487 2921 brauchen:

1425 2936 1509 2988 ich
1541 2937 1670 2988 wills
1705 2936 1921 2989 macheu
1951 2938 2046 2987 wie
2091 2938 2173 2987 die
2205 2936 2490 3004 gewfihnli-

1424 3005 1553 3056 chen
1573 3005 1843 3073 Rhetoren,
1870 3006 2034 3057 denen
2062 3021 2118 3056 es
2143 3021 2238 3056 nur
2263 3005 2491 3056 aufDar-

1424 3075 1649 3141 stelluug
1682 3073 1819 3124 ihres
1853 3075 2127 3125 trockenen
2157 3072 2400 3124 Schemas
2438 3089 2491 3126 u.

1425 3143 1612 3193 dessen
1647 3143 1895 3192 Kenntnis
1929 3143 2218 3206 ankommt,
2259 3157 2307 3191 u.
2341 3156 2489 3190 wenn

1424 3210 1505 3259 ihr
1536 3209 1667 3259 auch
1702 3208 1888 3274 taglich
1924 3208 2083 3259 durch
2121 3208 2203 3259 die
2237 3206 2368 3259 ‘rhat
2401 3209 2489 3259 be-

1425 3278 1588 3340 weist,
1620 3277 1741 3326 dass
1768 3275 1847 3324 ihr
1871 3276 1953 3325 die
1976 3276 2176 3342 Tropen
2201 3277 2307 3326 und
2332 3274 2491 3341 Figu-

1426 3360 1518 3396 ren
1545 3360 1610 3394 zu
1633 3342 1936 3394 handhaben
1961 3343 2214 3403 versteht,
2254 3342 2382 3392 euch
2410 3359 2487 3392 er-

1425 3414 1620 3464 rinnert
1638 3412 1822 3471 haben,
1837 3411 1959 3461 dass
1978 3411 2056 3460 ihr
2069 3410 2127 3474 ja
2147 3410 2284 3460 nicht
2295 3409 2490 3476 glaubt‚

1428 3497 1545 3532 zurn
1561 3480 1767 3530 Redner
1790 3478 1979 3545 gehiire
1998 3478 2127 3528 noch
2153 3486 2306 3529 etwas
2331 3478 2490 3528 ande-

1426 3565 1511 3599 res
1535 3549 1611 3599 als
1636 3548 1823 3598 wissen
1849 3563 1900 3597 u.
1927 3562 1969 3596 s.
1996 3561 2060 3595 w.

1494 3619 1583 3667 itta
1607 3618 1723 3681 tria,
1748 3613 1779 3682 S
1807 3613 1921 3667 152.
1950 3613 2063 3669 170.
2113 3630 2255 3672 raro,
2280 3610 2313 3680 S
2342 3612 2455 3665 153.

1496 3685 1564 3734 In
1577 3691 1836 3751 perpetua
1854 3685 2102 3740 oratione,
2122 3683 2191 3732 im
2203 3680 2492 3747 Gegensatz

1430 3769 1496 3802 zu
1529 3752 1582 3800 in
1618 3750 1837 3815 singulis
1860 3751 2050 3810 verbis;
2088 3747 2389 3801 absichtlich
2424 3749 2494 3798 ist

1432 3820 1520 3870 der
1546 3818 1666 3869 Satz
1692 3819 1742 3867 in
1771 3818 2142 3884 selbstiindiger
2163 3819 2310 3867 Form
2336 3830 2491 3882 gege-

1430 3888 1547 3951 ben,
1561 3902 1646 3936 um
1667 3887 2003 3944 anzudeuten‚
2019 3886 2138 3937 dass
2150 3887 2289 3936 dieas
2312 3885 2491 3934 zweite

1429 3953 1706 4021 allerdings
1744 3960 1897 4004 etwas
1936 3952 2094 4004 hoher
2125 3954 2201 4004 als
2237 3953 2328 4003 das
2364 3951 2489 4002 eben

1430 4021 1685 4074 erwiihnte
1718 4021 1825 4071 und
1849 4020 1941 4070 mit
1973 4020 2166 4071 diesem
2192 4020 2333 4071 nicht
2355 4035 2489 4088 ganz

1428 4088 1847 4157 gleichzustellen
1875 4088 1967 4139 sei.

1497 4159 1865 4210 coniunctionis
1887 4158 2170 4221 lenitatem,
2194 4157 2262 4208 im
2287 4155 2490 4225 Gegen-
