2930 4693
359 867 461 919 195

494 188 622 253 800

1061 178 1161 245 DE
1189 178 1549 246 ORATORE
1589 178 1668 245 m
1711 182 1814 243 51.
1861 187 2168 243 tas-197.

493 350 601 415 ille
628 349 925 421 Sidomus,
956 366 1137 429 quem
1168 356 1231 409 tu
1258 347 1446 428 probe
1461 395 1480 417 ,
1511 347 1745 420 Catule,
1776 351 2127 421 meministi,
2170 350 2378 413 solitus
2408 359 2503 417 est
2529 370 2734 417 versus

496 438 873 501 hexametros
902 433 1166 514 aliosque
1193 434 1372 495 variis
1392 433 1585 494 modis
1606 442 1782 512 atque
1807 437 2073 497 numeris
2094 435 2346 497 fundere
2368 455 2442 498 ex
2462 445 2735 517 tempore

496 529 843 600 tantumque
872 520 1132 580 bominis
1158 518 1451 596 ingeniosi
1481 536 1550 579 ac
1579 520 1864 581 memoris
1882 518 2063 581 valuit
2092 522 2454 591 exercitatio,
2488 533 2571 593 ut,
2597 540 2735 584 cum

496 623 561 667 se
602 615 805 666 mente
845 621 915 666 ac
959 602 1256 665 voluntate
1296 604 1647 664 coniecisset
1685 604 1749 664 in
1794 621 2026 666 versum
2041 653 2058 675 ,
2098 604 2280 667 verba
2319 615 2734 687 sequerentur,

496 697 719 770 quanto
745 688 809 751 id
837 688 1068 751 facilius
1095 690 1159 751 in
1188 689 1491 758 oratione,
1537 689 1959 749 exercitatione
1999 698 2060 751 et
2105 690 2535 757 consuetudine
2565 692 2736 754 adhi-

497 775 651 846 bita,
682 774 1142 854 consequemur!

660 858 810 922 Illud
841 870 1037 921 autem
1070 876 1147 919 ne
1176 860 1310 938 quis
1339 857 1682 929 admiretur,
1714 876 1974 937 quonam
2003 859 2180 921 modo
2210 860 2361 922 haec
2383 860 2593 940 vulgus
2621 863 2736 923 im-

494 946 824 1025 peritorum
853 946 917 1003 in
948 943 1245 1005 audiendo
1274 950 1468 1004 notet:
1508 961 1642 1004 cum
1672 944 1736 1003 in
1763 945 1928 1003 omni
1957 961 2180 1022 genere
2212 952 2334 1013 tum
2363 948 2430 1006 in
2458 946 2575 1007 hoc
2604 948 2738 1027 ipso

497 1047 713 1109 magna
740 1027 1030 1108 quaedam
1061 1036 1153 1091 est
1181 1028 1267 1087 vis
1296 1026 1778 1107 incredibilisque
1803 1035 2068 1090 naturae.
2118 1029 2340 1091 Omnes
2361 1033 2524 1093 enim
2552 1034 2737 1093 tacito

495 1114 755 1195 quodam
784 1131 965 1175 sensu
992 1115 1121 1173 sine
1149 1112 1268 1175 ulla
1298 1120 1426 1173 arte
1456 1120 1559 1174 aut
1584 1113 1814 1174 ratione
1857 1131 2007 1192 quae
2037 1115 2248 1175 sintin
2278 1115 2508 1179 artibus
2538 1133 2614 1176 ac
2639 1135 2738 1181 ra·

499 1197 759 1265 tionibus
787 1205 951 1261 recta
980 1216 1050 1259 ac
1080 1215 1257 1277 prava
1291 1197 1641 1267 diiudicant;
1673 1196 1852 1277 idque
1881 1215 2018 1261 cum
2049 1198 2274 1261 faciunt
2299 1201 2364 1261 in
2392 1202 2650 1280 picturis
2680 1209 2739 1262 et

496 1285 562 1344 in
600 1283 789 1360 signis
829 1292 890 1353 et
928 1283 987 1343 in
1032 1282 1161 1342 aliis
1205 1282 1517 1364 operihuS,
1560 1281 1634 1343 ad
1675 1300 1928 1361 quorum
1957 1282 2423 1362 intellegentiam
2455 1303 2488 1345 a
2521 1293 2740 1349 natura

498 1368 696 1433 minus
722 1366 946 1428 habent
964 1367 1361 1438 instrumenti,
1383 1374 1510 1427 tum
1534 1365 1719 1427 multo
1750 1366 2068 1428 ostendunt
2096 1370 2283 1447 magis
2304 1370 2367 1430 in
2392 1369 2739 1442 verborum,

500 1470 885 1514 numerorum
915 1470 1244 1532 vocumque
1272 1450 1520 1521 iudicio;
1566 1451 1722 1531 quod
1753 1470 1821 1512 ea
1852 1459 1990 1513 sunt
2016 1455 2077 1513 in
2110 1454 2525 1517 communibus
2552 1456 2741 1517 infixa

499 1535 770 1599 sensibus
810 1553 923 1597 nec
965 1555 1169 1598 earum
1211 1555 1412 1597 rerum
1459 1554 1813 1616 quemqnam
1846 1536 2109 1599 funditus
2147 1546 2360 1601 natura
2390 1557 2522 1602 esse
2552 1539 2740 1602 voluit

370 1625 472 1683 106
503 1630 827 1702 expertem.
902 1621 1106 1702 Itaque
1149 1640 1271 1682 non
1300 1620 1493 1685 solum
1522 1619 1724 1682 verbis
1748 1628 1874 1682 arte
1901 1624 2109 1701 positis
2149 1632 2459 1689 moventur
2503 1642 2739 1696 omneS,

500 1725 706 1777 verum
738 1709 915 1769 etiam
946 1707 1211 1769 numeris
1239 1725 1310 1767 ac
1337 1705 1599 1768 vocibus,
1670 1706 1897 1781 Quotus
1925 1709 2084 1769 enim
2115 1709 2364 1789 quisque
2393 1716 2484 1771 est
2512 1712 2622 1790 qui
2654 1719 2740 1771 te-

501 1799 642 1857 neat
667 1799 858 1855 artem
888 1809 1273 1854 numerorum
1307 1810 1376 1853 ac
1405 1792 1756 1855 modorum?
1820 1791 1896 1852 At
1932 1793 1996 1851 in
2038 1792 2133 1853 his
2174 1795 2225 1854 si
2256 1793 2522 1873 paullum
2551 1795 2739 1856 modo

500 1877 789 1947 offensum
821 1884 930 1947 est,
958 1883 1026 1938 ut
1054 1883 1156 1937 aut
1183 1878 1587 1938 contractione
1617 1876 1853 1945 brevius
1871 1878 2043 1938 fieret
2064 1885 2165 1939 aut
2183 1879 2580 1958 productione
2603 1879 2739 1942 lon-

500 1961 650 2040 gius,
681 1960 911 2023 theatra
943 1968 1062 2023 tota
1091 1959 1437 2035 reclamant.
1498 1958 1670 2033 Quid,
1702 1960 1816 2023 hoc
1845 1979 1967 2022 non
1994 1962 2152 2024 idem
2185 1963 2252 2023 fit
2279 1965 2342 2023 in
2371 1963 2642 2036 vocibus,
2675 1972 2742 2027 ut

501 2063 536 2106 a
564 2043 941 2117 multitudine
973 2052 1034 2106 et
1059 2043 1279 2126 populo
1309 2064 1429 2107 non
1475 2045 1654 2107 modo
1697 2053 1965 2107 catervae
2006 2055 2182 2128 atque
2224 2055 2583 2120 concentuS,
2629 2050 2740 2111 ,sed

500 2309 551 2350 et
584 2315 673 2351 eos
706 2300 1024 2365 vituperant,
1072 2301 1158 2365 qui
1190 2308 1309 2367 apta
1342 2308 1391 2352 et
1424 2300 1567 2351 finita
1609 2335 1614 2339 -

496 2369 849 2433 pronuntiant.

568 2444 661 2487 194.
868 2474 884 2496 ,
933 2434 964 2503 S
1016 2435 1128 2488 133.
1202 2453 1274 2487 ex
1315 2444 1562 2502 tempore,

500 2503 672 2564 Quint.
696 2454 745 2554 22
771 2505 831 2568 7,
858 2514 908 2555 19
939 2507 1012 2554 ita
1046 2504 1334 2554 facilitatem
1360 2519 1564 2568 quoque

500 2571 895 2640 extemporalem
933 2587 965 2620 a
997 2573 1170 2638 parvis
1192 2572 1350 2621 initiis
1382 2573 1564 2637 paula-

499 2640 589 2688 tim
613 2639 951 2705 perducemus
975 2641 1041 2689 ad
1064 2654 1316 2689 summam
1342 2666 1410 2676 -—
1444 2654 1560 2689 cum

501 2706 629 2756 hanc
649 2706 940 2757 facilitatem
961 2722 1060 2758 non
1080 2722 1233 2774 prosa
1244 2708 1399 2758 modo
1416 2707 1562 2757 multi

499 2776 603 2824 sint
625 2775 914 2833 consecuti,
949 2777 1041 2825 sed
1076 2777 1227 2826 etiam
1264 2776 1486 2825 carmine
1506 2781 1564 2825 ut

498 2842 766 2905 Antipater
813 2841 1058 2893 Sidonius
1106 2853 1156 2892 et
1203 2843 1427 2893 Licinius
1462 2844 1562 2892 Ar-

499 2907 658 2957 chias.
709 2910 1008 2960 coniecisset
1029 2911 1084 2960 in
1106 2926 1316 2970 versum,
1343 2909 1563 2974 Nigels—

502 2974 628 3024 bach
653 2975 763 3024 Lat.
791 2975 909 3025 Stil.
930 2973 963 3040 S
993 2976 1106 3038 1:32,
1128 2986 1171 3026 3.

458 3085 463 3090 .
570 3050 671 3093 195:
700 3044 872 3099 tacito,
898 3045 1209 3101 uubewusst,
1241 3040 1272 3109 S
1304 3043 1414 3094 198.
1478 3045 1562 3095 Or.

500 3108 586 3171 60,
610 3118 687 3161 203
710 3124 923 3173 quorum
948 3107 1051 3176 (sc.
1069 3112 1329 3172 versuum)
1354 3113 1562 3162 modum

501 3187 644 3228 notat
665 3192 774 3237 ars,
811 3180 905 3229 sed
927 3193 1076 3229 aures
1099 3179 1241 3245 ipsae
1266 3181 1418 3230 tacito
1445 3195 1562 3230 eum

501 3260 659 3295 sensu
684 3247 795 3296 sine
820 3261 927 3296 arte
951 3247 1215 3297 definiunt.

566 3333 677 3383 sine
700 3332 804 3380 ulla
821 3339 937 3381 arte
961 3342 1075 3393 etc„
1097 3329 1228 3381 ohne
1244 3333 1424 3396 irgend
1446 3332 1563 3381 wel-

502 3395 596 3448 che
628 3399 966 3448 theoretische
1001 3399 1390 3464 Unterweisnng
1438 3401 1562 3449 oder

498 3464 793 3534 technische
817 3467 1028 3533 Regeln.

567 3552 620 3602 in
643 3551 838 3602 artibus
860 3566 923 3601 ac
944 3552 1302 3608 rationibus-,in
1325 3552 1421 3600 den
1444 3567 1560 3599 ver-

501 3616 815 3668 schiedenen
851 3619 1085 3685 Zweigen
1134 3619 1223 3669 der
1255 3618 1419 3668 Kunst
1453 3620 1562 3669 und

500 3686 731 3737 Theorie.
780 3687 832 3736 in
858 3688 1047 3737 artibus
1073 3702 1130 3735 ac
1154 3688 1437 3737 rationibus
1464 3687 1558 3737 bil-

501 3754 588 3804 det
614 3769 675 3803 zu
702 3752 818 3804 dem
843 3753 1296 3819 vorausgehenden
1321 3755 1433 3804 sine
1454 3766 1563 3804 arte

499 3832 587 3872 aut
631 3822 826 3871 ratione
860 3822 1008 3872 einen
1042 3822 1323 3872 treffenden
1357 3821 1557 3887 Gegen-

499 3899 628 3939 satz.
802 3893 809 3906 “

571 3982 664 4026 196.
700 3981 887 4032 teneat,
912 3975 933 4023 1
958 3973 1007 4034 5,
1033 3982 1107 4032 18;
1137 3971 1219 4035 18,
1245 3982 1321 4034 843
1347 3974 1431 4038 41,
1461 3967 1563 4033 186'3

501 4038 707 4105 43,191.
757 4039 912 4112 1150,
936 4049 1057 4110 204„

569 4126 869 4184 reclamant,
981 4123 1069 4176 98.
1138 4126 1218 4180 Or.
1253 4126 1346 4187 51,
1382 4103 1459 4177 173
1505 4128 1562 4178 ln

504 4199 656 4242 versu
679 4190 884 4258 quidem
909 4204 930 4242 t
967 4203 1103 4242 eatra
1129 4202 1235 4242 tota
1258 4193 1562 4253 exclamant,

329 2125 409 2198 51
432 2131 532 2188 197
556 2130 734 2195 etiam
762 2131 879 2210 ipsi
906 2129 1020 2195 sibi
1048 2130 1265 2209 singuli
1297 2130 1702 2210 discrepantes
1733 2132 2079 2193 eiiciantur?
2152 2133 2423 2194 Mirabile
2453 2141 2561 2204 est,
2595 2153 2737 2197 cum

1667 2301 1712 2350 si
1737 2299 1832 2351 fuit
1848 2315 1951 2351 una
1969 2300 2166 2366 syllaba
2185 2310 2273 2353 aut
2290 2303 2495 2364 brevior
2512 2311 2603 2354 aut
2622 2304 2737 2356 lon-

1665 2369 1804 2433 gior;
1842 2384 1937 2418 nec
1959 2383 2080 2436 vero
2104 2372 2373 2421 multitudo
2401 2373 2565 2438 pedes
2591 2375 2738 2423 novit

1666 2452 1760 2487 nec
1792 2437 1926 2487 ullos
1959 2453 2198 2490 numeros
2246 2447 2410 2500 tenet,
2460 2454 2557 2489 nec
2604 2441 2738 2492 illud

1665 2505 1802 2567 quod
1828 2505 2039 2555 offendit
2071 2516 2160 2555 aut
2192 2521 2283 2557 cur
2316 2517 2403 2556 aut
2432 2508 2485 2556 in
2521 2523 2628 2571 quo
2655 2510 2736 2559 of-

1664 2571 1865 2634 fendat,
1900 2573 2174 2638 intellegit,
2210 2583 2260 2623 et
2291 2583 2464 2625 tamen
2500 2578 2735 2627 omnium

1663 2638 2036 2704 longitudinum
2070 2651 2120 2690 et
2154 2643 2455 2693 brevitatum
2489 2643 2544 2692 in
2586 2646 2736 2695 sonis

1666 2708 1799 2757 sicut
1844 2716 2106 2758 acutarum
2152 2711 2488 2774 graviumque
2544 2723 2733 2763 vocum

1664 2775 1905 2825 iudicium
1942 2777 2055 2842 ipsa
2090 2785 2270 2828 natura
2301 2779 2356 2827 in
2389 2778 2598 2829 auribus
2637 2794 2735 2830 no-

1664 2843 1782 2894 stris
1807 2843 2091 2894 collocavit.
2137 2843 2317 2896 Parad.
2343 2845 2403 2904 3,
2428 2855 2455 2896 2
2478 2845 2663 2898 histrio
2687 2847 2733 2897 si

1663 2910 1888 2975 paullum
1916 2927 1972 2962 se
1997 2913 2156 2962 movit
2181 2926 2322 2963 extra
2347 2928 2616 2965 numerum
2644 2927 2735 2965 aut

1665 2978 1710 3027 si
1735 2993 1914 3029 versus
1937 2981 2295 3045 pronuntiatus
2316 2993 2394 3032 est
2411 2982 2609 3047 syllaba
2629 2998 2734 3033 una

1666 3046 1863 3095 brevior
1887 3058 1975 3097 aut
2002 3048 2198 3111 longior
2224 3049 2524 3100 exsibilatur
2561 3061 2610 3099 et
2636 3066 2732 3101 ex-

1663 3113 1904 3178 ploditur.
1950 3115 2067 3163 Wie
2090 3130 2256 3180 genau
2284 3132 2338 3166 es
2363 3118 2416 3166 in
2442 3118 2611 3167 dieser
2635 3118 2732 3168 Be-

1665 3180 1887 3245 ziehung
1921 3182 2006 3232 die
2040 3185 2188 3233 Alten
2224 3183 2469 3243 nahmen,
2517 3187 2732 3236 beweist

1664 3249 1756 3298 das
1783 3250 2038 3299 bekannte
2062 3250 2283 3316 Beispiel
2308 3251 2730 3319 deaSchauspie-

1662 3315 1763 3365 lers
1805 3317 2153 3381 HegelochuS,
2204 3319 2293 3369 der
2338 3320 2432 3370 das
2479 3321 2732 3371 vorletzte

1664 3384 1810 3433 Wort
1841 3385 1892 3460 iu
1919 3386 2036 3461 Euqi
2082 3421 2097 3436 .
2121 3385 2281 3465 01'99‘·
2309 3387 2410 3434 27„
2444 3378 2507 3438 ἐκ
2539 3381 2731 3455 κῦμά·

1663 3467 1775 3502 των
1808 3467 1917 3517 γαρ
1954 3469 2029 3503 αν
2080 3470 2133 3512 ις
2158 3470 2233 3505 αν
2265 3446 2474 3520 γαλήν’
2506 3447 2622 3521 ὁρῶ
2667 3471 2729 3508 so

1662 3521 1871 3583 spraeli,
1921 3521 2043 3572 dass
2090 3536 2146 3571 es
2189 3523 2327 3571 nicht
2345 3524 2453 3586 ‚wie
2500 3517 2728 3589 yoevaoi

1664 3583 2256 3653 (Wiudstille)‚sondern
2270 3591 2362 3639 wie
2374 3590 2730 3657 reemffwie·

1663 3652 1800 3770 sele
1813 3655 1971 3721 klang
2020 3658 2123 3706 und
2157 3658 2374 3708 dai-fiber
2406 3659 2730 3724 ausgepocht

1664 3738 1770 3771 wur
1807 3737 1851 3771 e.

1730 3797 1983 3849 catervae,
2009 3791 2100 3842 der
2124 3792 2273 3855 Chor,
2298 3808 2351 3858 p.
2378 3792 2511 3844 Sest.
2533 3793 2617 3857 55,
2650 3804 2729 3845 118

1664 3872 1780 3907 uam
1805 3872 1922 3908 eum
1945 3867 2182 3923 ageretur
2218 3869 2389 3925 togata
2419 3888 2486 3896 --
2519 3874 2729 3912 caterva

1664 3933 1770 3975 tota
1791 3925 2072 3976 clarissima
2094 3929 2506 3982 concentione—
2531 3931 2730 3984 contio»

1666 4003 1784 4043 nata
1810 4002 1903 4043 est.
1961 3993 2085 4058 sibi,
2121 3996 2217 4044 wie
2249 3997 2314 4046 ad
2339 3996 2456 4046 Her.
2484 3998 2528 4047 11
2554 3995 2643 4059 26,
2671 4007 2729 4048 42

1665 4061 1902 4111 vitiosum
1931 4070 2035 4126 est,
2069 4064 2239 4129 ipsum
2273 4063 2368 4115 sibi
2403 4064 2454 4113 in
2486 4078 2580 4116 sua
2604 4079 2722 4116 ora-

1665 4128 1803 4180 tione
1838 4129 2135 4190 diasentire3
2195 4141 2341 4183 sonat
2375 4147 2406 4181 a
2438 4129 2471 4196 S
2513 4131 2635 4196 119,
2677 4134 2727 4183 11

1664 4193 1748 4258 26,
1775 4204 1865 4247 110.
1911 4199 2111 4261 ainyuli,
2136 4198 2219 4248 die
2239 4197 2674 4252 Elnzelstimmen.
